2184 3975
235 484 549 558 Animum.
566 484 651 554 lm.
671 488 712 556 V.
749 483 822 576 169

93 628 95 633 ·
132 586 189 661 dd:
210 598 366 660 Metellum
400 620 572 662 communes
606 602 740 674 amicos,
772 602 822 681 qui

132 700 257 765 agerent
277 700 345 740 curn
364 700 472 757 eo,ut
493 681 529 742 de
541 681 598 741 tilla
618 698 716 741 mente
736 679 825 740 desis·

133 778 231 835 tetet3
243 763 350 842 quibus
361 762 416 824 'ille
433 760 600 843 respondit,
615 762 673 820 ¹sibi
692 782 751 821 non
766 759 824 822 elle

110 882 113 887 ·
136 846 302 925 integrum:
322 847 429 904 etenim
452 843 541 924 paulo
558 844 624 903 ante
638 845 669 900 in
683 845 824 904 concione

136 925 270 998 dixerat,
294 925 348 997 ei,
368 927 417 1007 qui
436 926 466 984 in
485 925 558 984 alios
583 921 826 983 animadvertisset

136 1003 246 1066 indicii
261 1004 365 1077 causi,
382 1005 499 1066 dicendi
510 1007 565 1087 ipsi
579 1002 750 1086 potestatem
764 1001 828 1064 steri

137 1102 198 1147 non
219 1104 371 1165 oportere.
390 1087 552 1163 Hominem
574 1106 715 1168 gravem,
736 1084 767 1145 &
784 1087 828 1145 ci·

137 1184 209 1229 vem
228 1186 299 1258 egre
321 1167 404 1227 'uml
425 1169 493 1249 qui,
509 1165 573 1248 ‘qui
590 1167 677 1246 poeni
694 1165 828 1243 senatus,

138 1247 282 1309 consensu
323 1267 449 1309 enorum
471 1251 623 1318 omnium,
643 1268 695 1308 eos
716 1246 829 1309 affece-

139 1347 181 1390 rat
203 1373 214 1402 ‚
241 1329 293 1410 qui
313 1328 424 1389 urbem
444 1328 622 1401 incendere,
648 1327 829 1410 magistratus

140 1430 171 1470 ac
194 1407 329 1470 senatum
346 1409 510 1479 trucidare,
536 1409 646 1469 bellum
668 1413 828 1472 maximum

140 1491 271 1552 conflare
287 1488 464 1564 voluissent,
486 1489 591 1551 eidem
611 1489 729 1570 dignum
751 1488 830 1567 judi·

141 1588 219 1632 caret
241 1590 335 1645 eum,
353 1572 403 1651 qui
419 1573 528 1632 curiam
547 1569 627 1630 caede
638 1570 650 1644 '‚
664 1568 769 1630 urbem
784 1572 831 1630 in·

142 1652 277 1725 cendiis,
303 1648 414 1712 ltaliam
432 1651 523 1717 ¹bello
549 1648 702 1710 liberasset.
728 1649 771 1710 lta
792 1672 829 1713 ue

142 1752 157 1794 e
176 1755 197 1794 o
219 1731 369 1806 Metello,
383 1730 464 1792 fratri
479 1730 549 1804 tuo,
564 1730 716 1811 presenti,
735 1671 833 1801 resiti.

167 1835 218 1874 arn
236 1814 269 1872 in
283 1811 413 1886 senatu,
439 1811 579 1872 Kalendis
597 1812 758 1889 Ianuariis,
788 1816 830 1874 sic

145 1915 206 1955 cum
227 1914 267 1956 eo
289 1893 327 1954 de
348 1892 497 1974 republica
515 1891 684 1972 disputavi,
710 1911 741 1954 ut
761 1893 831 1954 sen-

145 1978 209 2039 tiret
230 1974 288 2036 sibi
307 1974 383 2035 cum'
394 1977 458 2036 viro
478 1972 548 2033 forti
565 1974 597 2034 &
614 1971 752 2035 constanti
772 1973 829 2039 elle

145 2056 345 2140 pugnandum.
361 2054 400 2115 A.
424 2055 452 2115 d.
477 2058 592 2116 tertium
615 2055 695 2115 Non.‘
717 2055 832 2122 Januat.

146 2158 232 2220 quum
244 2155 337 2218 agere
351 2134 496 2216 coepisset,
508 2138 595 2196 tertio
608 2157 724 2217 quoque
737 2139 831 2200 verbo

147 2221 287 2280 orationis
305 2216 361 2277 suae
381 2236 430 2277 me
450 2216 633 2299 appellabat,
652 2219 721 2277 milri
742 2222 832 2279 mina·

147 2299 254 2361 batur:
281 2316 377 2379 neque
401 2298 443 2356 illi
463 2297 624 2378 ¹quidquam
649 2298 832 2362 deliberatius

149 2379 215 2456 fuit,
227 2378 320 2460 qudm
332 2398 397 2451 me,
411 2397 591 2460 quacumque
602 2382 712 2440 ratione
724 2379 833 2461 pollet,

150 2481 206 2522 non
225 2459 357 2539 judicio,
373 2478 469 2539 neque
488 2458 715 2539 disceptatione,
736 2460 784 2522 sed
801 2467 833 2525 vi

153 2560 233 2623 atque
265 2542 457 2620 impressione
483 2558 627 2601 evertere.
655 2539 748 2619 Hujus
774 2564 833 2626 ego

154 2622 305 2683 temeritati
319 2622 343 2680 ei
358 2623 464 2681 virtute
480 2638 567 2702 atque
585 2624 682 2682 animo
698 2644 757 2683 non
775 2625 834 2686 res·

155 2701 288 2774 titillent
313 2702 376 2780 quis
398 2700 486 2773 esset,
506 2705 556 2783 qui
573 2722 619 2763 me
636 2705 666 2761 in
687 2705 834 2776 consulatu

103 2783 107 2824 '-
158 2802 209 2843 non
230 2782 298 2843 casu
321 2782 418 2862 potilrs
439 2780 634 2858 existimaret,
656 2784 742 2866 quim
761 2808 835 2845 con-

106 2869 109 2890 '
160 2864 234 2936 iiio,
253 2865 362 2922 sortem
377 2859 482 2923 fuisse?
501 2864 573 2923 Haec
590 2866 614 2923 si
629 2880 661 2923 tu
681 2866 835 2930 Metellum

92 2976 98 3021 p
162 2946 280 3025 cogitate
299 2943 335 3003 de
354 2963 401 3003 me
418 2942 550 3026 nescisti,
569 2944 658 3005 debes
676 2944 753 3006 existi
768 2965 836 3012 uate

94 3048 102 3101 ξ
114 3073 118 3100 2
164 3025 335 3085 emaxinris
360 3024 397 3086 de
420 3024 506 3088 rebus
529 3047 548 3087 a
566 3024 652 3096 fratre
679 3024 736 3086 elle
757 3027 838 3107 cela-⁴

92 3113 120 3196 ᾗῖ
200 3107 298 3170 Toum
315 3104 373 3176 XI·
574 3146 576 3150 ’
708 3105 739 3171 H

119 3227 125 3351 l
