2184 3975
253 487 335 577 434
404 471 788 555 Eresrozauum

253 609 338 662 mea,
357 605 406 646 aur
426 587 516 646 timori
534 586 682 660 videbam,
699 587 791 647 siaul
807 586 942 661 homiuem

252 667 379 751 offenficm
405 668 471 726 rili
495 711 506 740 ‚
530 662 697 763 coujunllup
719 686 779 727 cum
800 670 943 749 republica

252 772 310 821 pom
337 745 517 830 sublevaffem
529 769 543 819 ,·
576 765 625 807 our
655 745 711 828 ipse
746 771 766 808 a
794 753 943 816 certamine

251 831 319 890 belli
338 829 395 890 r'am
413 826 552 909 rieceffierii
575 849 616 886 me
634 827 809 907 remooiffem.
842 831 942 913 Iraque

247 910 346 993 potiris
362 911 519 993 periclitari
535 908 637 982 uolui,
656 910 683 969 si
696 909 781 990 poffee
796 932 859 987 mea
871 933 943 994 pra·

245 992 339 1072 sturia
363 993 391 1053 δ’
410 993 544 1073 Lepidum
566 989 659 1060 tueri,
679 991 708 1050 θ’
725 993 878 1068 exercitum
888 992 944 1073 fir·

252 1095 311 1149 cere
332 1074 490 1149 meliorem,
512 1071 594 1152 quim
616 1072 698 1131 uiruis
721 1091 823 1145 cautus
840 1076 942 1135 uideri.

253 1154 449 1233 Sollieieiorem
469 1155 537 1228 cerrl
555 1154 687 1225 homimem
707 1175 763 1214 nou
785 1155 852 1236 suis
874 1176 943 1216 corr·

251 1236 343 1299 trallis
359 1236 490 1295 nemiuem
501 1251 571 1316 puro
588 1222 682 1313 suiffe.
701 1237 802 1310 Nam,
822 1256 883 1316 qua
900 1258 942 1297 res
994 1270 996 1276 ·

151 1364 155 1375 e
250 1315 359 1383 nullam
378 1304 496 1391 ualebat
517 1304 734 1387 dubitationem,
756 1317 783 1389 si
803 1319 942 1390 exercitas

250 1398 352 1474 Lepidi
371 1397 466 1472 absit,
486 1418 519 1456 ea
543 1416 616 1455 nuuc
636 1417 768 1477 maguam¹
783 1419 802 1455 a
824 1416 865 1458 erc
878 1397 941 1477 fiol-

250 1479 441 1552 licirudinem,
457 1496 634 1558 magnumque
650 1477 733 1537 labec
747 1499 780 1538 ca
793 1481 943 1539 um.Mil1i

251 1560 323 1618 euim
354 1559 381 1618 si
410 1556 590 1640 corrrigiffir‚
617 1575 648 1616 ur
671 1559 750 1636 prior
776 1577 941 1619 occurrerem

251 1639 402 1714 Antonio,
419 1663 474 1700 uon
487 1637 648 1697 mehercules
659 1638 753 1698 loram
769 1637 940 1721 constiriffcr:

251 1738 359 1781 taurum
379 1742 425 1802 ego
440 1721 471 1780 fe
492 1719 559 1778 milri
577 1740 626 1778 con
666 1741 703 1792 o,
724 1719 752 1778 ὃν
770 1722 812 1779 sic
851 1721 944 1781 ercul-

245 1799 297 1881 sas
329 1800 407 1861 illius
436 1801 564 1882 copias,
622 1801 770 1880 emidiiquc
797 1742 942 1878 ilarionis

253 1882 339 1962 costra
366 1881 497 1962 despicio.
524 1880 584 1940 Sel
606 1903 660 1941 uon
682 1875 787 1962 poffirm
810 1904 866 1942 mou
887 1903 943 1940 ex·

251 1962 422 2041 horrescere,
445 1961 472 2020 si
489 1961 560 2041 quid
574 1960 649 2021 imru
667 1981 753 2021 curem
770 1959 861 2045 subest
875 1964 943 2022 vul·

252 2045 355 2117 meris,
384 2046 459 2123 quod
484 2042 563 2122 priris
591 2064 685 2103 nocere
711 2044 829 2124 potest,
858 2045 941 2123 queim

245 2123 339 2200 sciri,
359 2126 500 2202 curarique
518 2125 620 2205 possit.
647 2123 704 2183 sed
722 2123 790 2184 cerci
810 2125 869 2183 misi
886 2147 942 2183 urro

252 2205 312 2262 loco
336 2225 376 2262 me
395 2223 539 2275 tenerem,
566 2224 691 2286 maguum
708 2204 865 2284 periculum
885 2204 943 2286 ipse

214 2280 217 2286 ’
252 2285 405 2364 Lepidus,
425 2305 550 2365 magnum
572 2309 605 2345 ea
622 2306 690 2365 pars
710 2285 847 2344 exercitiis
873 2288 944 2347 adi-

251 2382 312 2436 rct,
330 2385 388 2446 qua
405 2365 469 2424 berre
485 2366 518 2423 de
535 2365 676 2449 republica
689 2363 790 2445 scurie:
811 2386 942 2448 magmm

251 2447 340 2511 ctiam
355 2448 458 2526 perdici
477 2448 561 2528 lcostes
584 2447 766 2507 accessionem
783 2445 839 2506 sibi
850 2444 944 2527 fecis·

245 2526 309 2604 seur
327 2528 386 2600 „si
409 2549 479 2609 quas
501 2529 598 2607 copias
621 2549 639 2585 a
665 2527 770 2606 Lepido
789 2526 943 2608 abstraxis-

245 2607 319 2687 sent.
350 2613 419 2689 Qua
445 2611 472 2668 si
496 2610 633 2669 advemms
659 2628 734 2667 meus
758 2605 907 2687 reprefferir
927 2652 941 2682 ‚

252 2711 332 2771 agam
353 2690 460 2772 gracias
476 2688 617 2765 fhrruoa,
637 2688 842 2770 constantiaque
858 2709 942 2763 mea,

251 2791 310 2848 quo
340 2792 380 2829 me
407 2771 448 2829 ad
473 2770 544 2829 hauc
575 2769 771 2849 experientiam
794 2768 943 2830 excitavit.

250 2850 347 2931 Iraque
369 2874 398 2909 a.
419 2853 528 2910 d.x11.
550 2847 623 2913 Kal.
647 2852 715 2914 Iun.
730 2848 767 2909 ab
785 2847 868 2928 Ifhra
882 2850 945 2931 eas·

252 2949 295 2990 cra
313 2935 408 2993 morie
429 2950 537 3013 pontem
561 2949 676 3006 romeu,
723 2949 783 2991 uem
807 2930 837 2990 im
860 2931 943 3011 Isara

244 3010 391 3089 feceram,
415 3012 532 3095 castellis
551 3013 657 3076 duobus
675 2952 723 3075 al
736 3011 834 3095 capita
854 3012 944 3095 ῃοεί·1
