2184 3975
211 517 283 589 An
297 517 618 587 mmmmm.
636 516 713 588 VII.
743 517 820 610 269

135 649 266 707 tatonem
285 632 414 712 petiisse
435 650 563 712 ponam,
580 633 667 711 quim
684 635 755 694 illud
766 638 821 695 mi·

137 718 218 777 notis
233 727 350 801 ueneat.
433 712 476 782 ‚de
489 709 560 788 joco
575 710 639 773 satis
654 713 703 775 est
719 714 820 776 Tuum

138 797 294 877 negotium
315 814 421 876 agam,
444 795 528 852 sicuti
551 792 670 868 debeo,
692 795 820 876 diligen-

139 892 195 937 ter.
215 874 265 935 De
282 872 369 933 Bursa
384 891 414 934 te
433 872 558 956 gaudere
578 876 658 933 certo
674 873 731 934 scio
745 900 754 952 ³„
770 872 820 937 sed

137 958 225 1016 nimis
255 954 421 1015 verecunde
450 954 521 1012 mihi
553 954 710 1034 gratularis.
737 953 822 1015 Putas

138 1040 237 1109 enim,
255 1051 288 1095 ut
305 1033 421 1107 scribis,
440 1051 559 1114 propter
577 1035 701 1096 hominis
721 1031 822 1096 sordes

139 1118 235 1176 minus
257 1133 305 1173 me
324 1135 372 1173 ma
391 1114 550 1183 nantillam
567 1114 693 1175 laetitiam
709 1134 822 1194 putare.

142 1194 255 1256 Credas
265 1194 329 1254 mhi
341 1136 429 1254 velim
440 1238 449 1262 ‚
462 1196 552 1275 magis
564 1213 612 1253 me
627 1191 734 1270 judicio
748 1196 822 1271 hoc,

140 1276 229 1357 quam
254 1291 350 1335 morte
375 1275 507 1349 immisi,
531 1274 668 1334 laetatum.
695 1275 823 1347 Primum

141 1359 219 1416 'enim
235 1352 345 1436 iudieio
364 1355 460 1427 malo,
478 1352 564 1434 quim
579 1355 697 1434 gladi03
714 1355 821 1416 deinde

141 1434 235 1519 gloria
255 1435 354 1516 potius
372 1437 475 1506 antici,
496 1433 584 1514 quim
600 1436 770 1496 calamitate.
787 1435 822 1496 ln

161 1514 297 1596 rimisque
317 1535 366 1576 me
381 1513 556 1587 deleilavst,
571 1531 682 1575 tantum
699 1513 825 1576 studium

141 1539 290 1658 lonotum
306 1598 340 1655 in
355 1615 403 1656 me
422 1593 553 1656 exstitille
573 1612 673 1655 contra
694 1596 824 1656 incredi-

143 1676 232 1738 bilem
255 1678 474 1737 contentionem
493 1675 640 1734 clarissimi
661 1676 694 1736 &
712 1695 825 1757 poten-

143 1760 245 1818 tissimi
261 1759 328 1817 viti.
342 1755 509 1827 Postremi),
527 1757 578 1815 vix
595 1757 751 1817 verisimile
765 1756 826 1816 for·

144 1836 207 1899 mlle
221 1837 376 1911 videatum
391 1837 510 1899 oderam
525 1838 619 1896 multo
634 1835 715 1916 pejus
727 1838 802 1896 hunc
809 1881 822 1910 ,

146 1918 231 2001 quim
250 1917 442 1999 illum-ipsum
463 1914 622 1977 Clodium:
646 1917 727 1977 illum
742 1921 822 1978 enim

91 2031 93 2050 =
146 2019 367 2081 oppugnatam,
386 2000 460 2058 hunc
478 1996 684 2059 defenderam:
702 2000 734 2057 ἃ
754 2000 821 2070 ille,

145 2101 233 2160 quum
249 2081 345 2140 omnis
359 2078 517 2159 respublica
528 2082 559 2137 in
572 2099 642 2139 meo
657 2082 750 2159 capite
768 2077 825 2138 dis·

146 2164 252 2221 crimen
272 2157 342 2221 ellet
359 2160 507 2232 habitura,
525 2179 663 2241 magnum
684 2159 821 2241 quiddam

145 2238 281 2320 spellavit
302 2260 314 2313 ;
345 2260 400 2301 nec
427 2240 475 2300 suti
497 2238 621 2320 sponte,
647 2240 697 2300 sed
719 2261 823 2301 eorum

146 2322 275 2394 auxilio,
294 2322 364 2401 qui,
382 2340 430 2381 me
446 2319 558 2393 stante,
573 2319 644 2380 stare
663 2341 723 2380 non
740 2339 823 2401 pote-

146 2419 230 2462 tant:
262 2399 309 2460 hic
330 2400 486 2474 simiolus,
515 2404 603 2460 animi
621 2402 728 2472 causi,
748 2421 822 2475 me,

147 2482 171 2540 in
192 2499 284 2562 quem
301 2482 506 2553 inveheretur,
526 2482 693 2561 delegeram
709 2480 824 2559 persua·

147 2558 215 2621 serat
256 2581 274 2622 e
289 2562 435 2622 nonnullis
450 2562 555 2620 invidis
575 2563 668 2633 meis,
686 2558 758 2621 sein
774 2582 823 2623 me

147 2644 200 2700 emi
223 2643 317 2701 atium
356 2642 414 2702 sem
437 2661 468 2701 er
503 2640 578 2702 fore.
619 2638 825 2719 Quamobrem

146 2721 229 2782 valde
244 2718 335 2799 jubeo
354 2663 479 2803 gautiete
497 2739 544 2782 te:
563 2742 668 2804 magna
686 2741 731 2781 res
748 2719 825 2802 gesta

91 2861 93 2866 .
146 2797 201 2860 est:
214 2820 373 2881 numquam
390 2803 440 2864 ulli
451 2801 585 2863 fortiores
601 2805 678 2863 cives
691 2801 825 2872 fuerunt,

146 2880 237 2961 quam
261 2883 311 2961 qui
333 2886 395 2944 ausi
422 2882 485 2943 sunt
512 2902 580 2943 eum
608 2899 709 2943 contra
731 2897 826 2940 tantas

145 2981 214 3041 opes
231 2958 319 3038 ejus,
334 2983 351 3021 a
370 2966 455 3048 quoi
478 2966 501 3024 si
518 2962 583 3023 lelli
599 2961 707 3039 judices
722 2973 824 3031 erant,

144 3041 364 3106 condemnate:
388 2985 475 3127 quoi1
491 3042 826 3183 feclffffl‘fflquam’

388 3144 391 3150 .
673 3140 704 3201 ¹¹1
