2184 3975
291 488 754 561 An-Fuurmr.trn.x.
793 499 873 582 405¹

192 621 277 683 que,
298 605 340 665 mi
364 601 495 676 Plance,
516 601 689 683 exspedatio
715 603 874 665 consulatis

193 684 268 756 tui3
302 702 367 764 quae
389 683 429 758 ita
448 683 537 823 longa
563 681 628 755 est,
657 701 689 744 ut
714 685 875 763 optandum

195 763 255 836 sit,
271 778 305 825 ut
322 764 498 843 poscimusa
534 764 565 824 id
578 780 694 843 tempus
712 764 874 843 reipublicae

193 840 326 922 spiritum
351 842 468 903 ducere.
492 842 572 922 Quae
596 842 691 923 potest
711 847 790 903 enim
810 844 873 938 spes

195 919 254 987 elle
270 925 301 982 in
316 942 359 999 ea¹
367 922 512 1005 republica
525 969 535 999 ‚
556 926 586 982 in
604 943 662 1003 qua
677 924 802 984 hominis
821 944 876 982 im·

197 1003 392 1083 potentissimi
410 1020 494 1085 atque
514 1005 775 1084 intemperatissimi
789 1005 876 1084 tumis

195 1081 333 1163 oppreffa
352 1082 416 1144 sunt
434 1082 554 1143 omnia?
578 1084 610 1143 &
629 1087 659 1144 in
699 1106 735 1143 ua
753 1103 806 1144 nec
827 1082 877 1144 se-

195 1181 282 1225 natus
296 1206 318 1236 ,.
332 1182 387 1224 nec
415 1165 540 1243 populus
562 1167 625 1224 vim
708 1183 738 1224 et
758 1163 875 1225 ullam?

197 1262 255 1304 nec
282 1243 361 1329 leges
389 1244 453 1302 ullae
478 1243 565 1314 sunt,
595 1264 650 1303 nec
669 1242 794 1322 judicia,
820 1262 875 1303 nec

197 1324 323 1383 omnino
340 1324 522 1383 dimulactum
541 1322 660 1403 aliquod
675 1345 707 1383 ac
724 1322 877 1403 vestigium

199 1401 343 1464 etvintist
363 1401 421 1463 Sed
438 1423 528 1484 quum
548 1401 609 1462 aila
627 1407 725 1463 omnia
744 1404 818 1461 mitti
838 1402 876 1460 ad

197 1499 228 1543 te
252 1483 426 1557 arbitrabar,
447 1484 517 1542 nihil
544 1500 628 1555 erat,
648 1484 727 1568 qubd
758 1482 876 1563 singulis

196 1562 239 1623 de
273 1563 357 1624 rebus
390 1563 552 1624 scriberem.
582 1562 657 1623 lllud
688 1581 785 1623 autem
816 1579 878 1623 erat

198 1647 308 1704 amoris
323 1644 404 1718 mei,
417 1663 544 1725 quema
559 1661 610 1704 tua
648 1647 748 1704 ueritia
767 1641 880 1722 suscep·

199 1739 264 1787 tum
279 1745 340 1785 non
357 1721 467 1786 servavi
486 1724 601 1796 solum,
619 1665 668 1784 lid
688 1726 775 1784 etiam
792 1724 882 1797 auxi,·

199 1823 324 1867 monere
343 1819 393 1877 te,
412 1820 497 1885 atque
517 1805 647 1876 hortari,
668 1822 699 1865 ut
715 1806 744 1862 in
762 1822 881 1882 rempu-

199 1883 309 1955 blicam
327 1885 407 1943 omni
426 1887 604 1965 cogitatione
625 1885 749 1964 eurique
770 1886 881 1942 incum-

200 1962 298 2030 beres,
321 1962 400 2042 Quae
424 1966 448 2025 si
467 1965 504 2024 ad
530 1982 612 2027 tuum
633 1982 746 2046 tempus
770 1963 882 2043 perdu-

203 2046 306 2120 citur,
330 2043 420 2104 facilis
444 2045 613 2127 gubernatio
633 2044 695 2105 est:
719 2063 751 2105 ut
769 2044 882 2123 perdu-

203 2141 284 2186 catur
297 2140 414 2198 autttn,
428 2145 539 2208 magnae
556 2145 645 2205 quum
658 2125 810 2207 diligentiae
826 2121 883 2197 est,
907 2179 909 2183 .

203 2219 270 2267 tum
290 2205 378 2273 etiem
398 2203 529 2267 fortunae.
553 2204 612 2265 Sed
637 2207 715 2272 &te
736 2206 883 2285 aliquanto

204 2285 274 2347 ante
295 2283 353 2366 (ut
366 2282 476 2365 spero)
492 2285 682 2358 habebimus,
699 2286 731 2345 δι
744 2330 754 2360 ,
769 2302 885 2365 praeter-

204 2385 296 2446 quam
322 2363 403 2445 quod
427 2364 592 2445 reipublicae
619 2365 766 2427 consulere
788 2365 885 2425 debe·

205 2463 294 2518 mus,
316 2460 413 2508 tamen
435 2460 491 2504 tuae
513 2446 643 2525 dignitati
665 2448 705 2503 ita
727 2443 884 2519 favemus,

206 2541 240 2587 ut
268 2544 357 2585 omne
380 2521 507 2588 nostrum
535 2526 711 2597 consilium,
736 2522 885 2597 studium,

207 2599 357 2678 officium,
372 2624 511 2683 operam,
526 2604 675 2678 lahorem,
690 2604 887 2687 diligentiam,

208 2682 248 2748 ad
270 2684 489 2765 amplitudinem
517 2702 597 2747 tuam
623 2684 813 2755 conferamus.
842 2681 887 2742 Ita

207 2762 344 2825 facillime
360 2764 391 2823 &
407 2763 592 2844 reipublicae,
609 2785 673 2845 quae
691 2765 761 2824 mihi
778 2762 890 2821 carissi·

209 2864 261 2905 ma
275 2841 335 2917 cll,
347 2844 380 2904 δι
395 2847 526 2904 amicitiae
542 2842 661 2917 nostrae,
676 2864 763 2925 quam
778 2839 889 2901 sanctis·

208 2925 284 2986 sime
302 2924 387 2984 nobis
404 2924 558 2985 colendam
573 2942 644 3004 puto
662 2968 671 2996 ,
691 2944 739 2982 me
757 2920 889 3000 intelligo

211 3002 428 3074 satisfactum.
454 3003 591 3072 Furnium
618 3002 747 3107 nostrum
772 3002 844 3064 tanti
872 3019 891 3077 ιι
