2184 3975
284 470 364 547 262
437 472 816 541 Eerstotrnort
851 485 856 497 ·

323 591 399 650 liam,
416 608 486 650 orat,
505 607 531 641 ut
544 607 610 658 quoto
626 589 685 656 reip.
695 588 747 654 jam
760 583 911 655 satisfecerit
921 622 930 648 ‚
940 585 972 640 ist·

323 665 457 726 columitoti
473 662 522 732 [ιιι
540 659 665 728 consulat,
685 661 709 712 ὃ·
734 661 863 712 anticorum
883 663 972 712 deside·

323 738 401 797 rium,
419 756 476 805 quos
489 735 548 788 belli
558 731 622 802 casus
636 734 768 802 cripuerat,
788 751 855 801 aquo
867 767 876 794 .
888 732 972 802 salem

283 812 286 817 '
319 807 384 876 sorti
396 808 465 877 feret
479 811 569 862 animo.
591 809 664 858 Anno
680 807 714 859 U.
728 809 757 858 C.
777 823 841 874 707.

288 1015 337 1078 23.
348 925 463 1058 Nou
479 1015 514 1059 ea
532 1015 578 1058 res
596 1014 646 1056 me
664 994 824 1068 detenuit,
840 993 902 1076 qui
919 995 972 1056 mi—

288 1083 361 1153 nus,
380 1076 478 1159 postea
499 1077 588 1158 quim
607 1079 639 1136 in
654 1075 767 1137 Italiam
783 1075 909 1151 venisti,
927 1077 974 1136 lit·

262 1225 265 1231 ,
288 1176 363 1219 teras
379 1158 416 1218 ad
435 1175 464 1218 te
478 1162 649 1231 mitterem,
662 1157 742 1237 quod
756 1175 788 1218 tu
800 1157 838 1217 ad
849 1178 899 1218 me
910 1157 975 1218 nul·

285 1239 329 1299 tas
349 1237 487 1312 miseras3
505 1238 554 1300 sed
570 1241 637 1322 quia
653 1258 708 1301 nec
725 1238 796 1319 quid
813 1238 868 1299 tibi
889 1238 974 1320 potti-

288 1339 390 1394 ceret,
415 1318 475 1398 ipse
500 1340 591 1402 egens
618 1320 702 1383 rebus
722 1318 888 1392 omnious,
918 1339 972 1380 nee

288 1401 357 1481 quid
373 1400 539 1476 suaderem,
557 1423 648 1483 quum
669 1399 800 1461 mihimet
818 1402 876 1480 ipsi
897 1420 972 1459 con*

287 1484 384 1543 silium
403 1479 528 1555 deesset,
549 1503 604 1544 nec
619 1481 688 1562 quid
706 1480 913 1541 consolationis
930 1479 975 1540 af-

287 1561 394 1634 ferrem
415 1566 444 1622 in
463 1564 549 1623 tantis
567 1563 669 1633 malis,
685 1581 716 1622 re
739 1562 880 1622 etiebam.
901 1559 975 1622 Haec

288 1665 467 1726 quamquam
478 1644 569 1704 nihili)
582 1644 703 1704 meliora
711 1584 975 1717 timmnnncetiam

288 1744 375 1807 atque
401 1728 490 1786 etiam
514 1725 607 1786 multo
633 1722 826 1804 desperatiota
846 1744 857 1797 ;
876 1741 974 1784 tamen

288 1808 387 1866 inanes
407 1805 463 1866 esse
490 1826 570 1867 meas
589 1807 716 1878 litteras,
742 1804 832 1886 quiuu
857 1803 975 1879 nullas,

289 1889 386 1947 malui.
405 1885 468 1969 Ego
491 1889 515 1946 si
539 1904 570 1947 te
587 1886 779 1966 intelligerem
796 1886 862 1966 plus
881 1907 976 1946 cona·

290 1983 352 2027 turn
370 1965 425 2028 esse
444 1965 585 2047 suscipere
600 1966 764 2048 reipublice
778 1966 865 2028 causi
875 1987 977 2029 mutte-

288 2050 327 2108 ris
339 2095 349 2124 ,
365 2048 453 2131 quim
462 2066 602 2129 quantum
613 2047 744 2129 proestare
755 2046 893 2129 potuisses
908 2066 975 2123 ,ta-

243 2161 249 2178 ·
289 2151 386 2204 men,
414 2129 639 2212 quibuscumque
665 2129 748 2190 rebus
775 2126 888 2210 possem
908 2175 918 2204 ,
938 2129 975 2190 ad

289 2229 356 2269 eam
375 2211 575 2271 conditionem
592 2230 622 2272 te
641 2211 779 2284 vivendi,
839 2232 865 2269 ae
890 2210 975 2272 dare·

223 2317 225 2323 ¹
286 2306 356 2365 tur,
382 2311 503 2373 queque
526 2290 622 2367 esset,
643 2292 782 2353 hortarer.
799 2231 862 2352 iid
883 2313 975 2373 quum

289 2371 402 2431 consilii
416 2376 456 2433 tui
475 2372 552 2434 bene
568 2372 737 2454 fortiterque
748 2370 869 2453 suscepti
881 2418 891 2446 ,
905 2393 975 2433 eum

287 2452 342 2511 tibi
367 2450 457 2513 finem
485 2448 636 2527 statuero,
661 2474 749 2535 quern
776 2452 837 2533 ipsa
858 2453 975 2514 fortuna

289 2534 445 2593 terminum
451 2533 608 2595 nostrarum
619 2536 840 2595 contentionum
851 2532 907 2595 esse
919 2556 976 2595 vo·

286 2612 382 2682 ¹luisset
398 2634 408 2688 3
427 2638 501 2689 oro,
523 2614 709 2697 obtestorque
732 2632 761 2676 te
789 2637 844 2695 pro
870 2634 973 2676 vetere

290 2692 385 2755 nostra
399 2695 600 2778 conjunsiione
615 2718 648 2756 ac
665 2696 896 2769 necessitudine,
908 2717 975 2777 pro-

292 2796 347 2856 que
367 2775 474 2836 summa
495 2797 561 2836 mea
582 2779 612 2834 in
637 2793 666 2835 te
689 2777 918 2851 benevolentia,
941 2777 973 2835 &

291 2876 341 2917 tua
355 2859 383 2917 in
397 2876 444 2916 me
460 2858 537 2935 pari,
550 2874 578 2915 te
592 2872 623 2915 ut
641 2857 742 2930 nobis,
765 2859 897 2938 parenti,
908 2878 974 2917 con·

286 2935 371 3019 jugi,
388 2935 497 3017 tuisque
514 2935 668 3009 omnibus,
688 2940 792 3016 quibus
811 2957 864 3011 es,
882 2936 973 2999 suisti·

282 3038 347 3099 que
358 3016 469 3102 semper
482 3017 659 3093 carissimus,
675 3017 787 3083 salvum
800 3018 973 3082 consertes:
