2184 3975
236 533 309 602 An
323 528 716 605 FAurrrAr.Lm.V.
755 533 828 628 187

135 648 343 709 'commendari
360 648 428 707 tuis.
446 643 550 726 Neque
568 648 648 707 enim
667 667 718 708 me
733 645 827 708 solum

139 729 385 789 commemoratio
400 725 572 807 posteritatis
586 726 649 787 ads
666 748 714 788 em
727 749 829 809 quam·

139 810 209 870 dam
229 809 455 869 immortalitatis
478 809 577 886 rapit5
603 806 632 868 se
677 811 764 869 eriam
779 810 827 870 illa

137 890 315 985 rapidius,
344 891 454 951 velut
480 886 648 949 auiiorirare
672 886 828 950 testimoriii

136 987 207 1044 mr,
229 971 282 1034 vei
298 969 408 1032 indicio
429 969 674 1042 benevolentiae,
692 970 742 1031 vel
761 969 829 1029 sua-

138 1055 231 1114 uitate
254 1053 392 1133 ingenii,
420 1051 484 1111 vivi
503 1048 691 1130 perfruamur.
723 1049 829 1132 Neque

140 1148 263 1207 tamen,
283 1132 347 1192 haec
363 1151 454 1215 quum
471 1129 651 1206 scribebam,
670 1151 750 1191 eram
767 1132 830 1192 nes·

142 1217 225 1288 tius,
243 1215 361 1296 quantis
378 1213 515 1274 oneribus
533 1231 699 1292 premerere
716 1211 829 1294 suseep-

141 1312 234 1357 mrum
257 1294 379 1368 rerum,
402 1292 437 1352 ’ἃ
452 1289 512 1370 jam
532 1291 749 1354 institutarum:
776 1292 826 1354 sed

143 1378 209 1472 quia
223 1374 363 1438 videbam
380 1373 471 1434 Italici
488 1373 559 1434 belli
580 1374 613 1434 &
630 1375 721 1435 civilis
738 1372 828 1434 histo-

143 1478 216 1518 riam
234 1453 296 1536 jam
320 1473 388 1516 ate
413 1473 489 1535 pene
510 1452 569 1515 effe
590 1452 763 1534 pefidiam,
780 1455 828 1516 di·

141 1547 224 1599 'xeras
243 1552 341 1598 autem
360 1535 432 1595 mihi
451 1553 481 1596 te
501 1536 626 1617 reliquas
643 1554 690 1594 res
710 1535 802 1597 ordiri
818 1555 831 1610 3

141 1616 238 1681 deeffe
257 1617 329 1678 mihi
345 1618 449 1689 nolui,
468 1618 538 1697 quin
559 1632 590 1675 te
607 1614 798 1677 admonerem
815 1661 827 1689 ‚

138 1712 175 1761 ut
203 1701 375 1782 cogitares,
405 1694 597 1775 conjunstene
626 1696 728 1757 malles
760 1717 828 1756 cum

143 1780 259 1861 reliquis
280 1780 366 1839 rebus
388 1775 483 1838 nostra
504 1796 685 1850 contexere,
713 1799 771 1850 an,
796 1795 830 1838 ut

140 1862 227 1922 'multi
249 1857 349 1920 Graeci
370 1857 520 1932 fecerunt,
539 1854 728 1918 Callisthenes
742 1855 832 1918 Troi-

141 1962 211 2003 cum
226 1940 364 2014 bellum,
386 1937 515 2000 Timaeus
537 1938 666 2021 Pyrrhi,
685 1937 830 2021 Polybius

142 2021 374 2094 Numantinum
390 2024 440 2102 qui
455 2041 557 2081 omnes
576 2043 593 2079 a
631 2023 757 2101 erpetuis
772 2020 829 2082 suis

91 2087 94 2138 Ι
141 2103 266 2166 historiis
280 2124 335 2177 ea,
348 2123 412 2183 quae
422 2103 485 2179 ‚dixi
496 2147 505 2176 ,
517 2100 594 2162 helia
606 2042 829 2182 deparaverunu

91 2185 93 2194 '
138 2195 173 2247 'm
208 2189 329 2267 quoque
354 2187 425 2244 item
451 2183 569 2243 civilem
595 2180 830 2261 conjurationem

140 2265 179 2325 ab
200 2264 352 2324 hostilibus
378 2262 559 2343 externisque
580 2264 665 2321 bellis
690 2260 830 2344 sejunge·

141 2364 199 2407 res.
232 2342 377 2425 Equidem
408 2342 445 2400 ad
473 2340 600 2401 nostram
623 2341 740 2402 laudem
767 2364 830 2404 non

144 2426 273 2490 multum
292 2424 380 2485 video
403 2420 556 2495 intereffe3
582 2422 632 2483 sed
655 2422 692 2481 ad
715 2444 830 2505 prope-

143 2511 293 2570 rationem
312 2524 409 2566 meam
433 2504 571 2585 quiddam
596 2501 742 2578 interest,
768 2525 831 2567 non

142 2606 172 2654 re
194 2584 360 2671 exspedare
380 2586 450 2646 dum
472 2585 509 2645 ad
528 2585 627 2645 locum
645 2588 768 2659 venias,
796 2607 832 2647 ac

143 2667 239 2732 statim
270 2667 381 2728 causam
407 2667 487 2726 illam
517 2680 637 2740 totam,
661 2665 833 2747 &tempus

103 2797 106 2802 .
144 2754 282 2834 arripere.
306 2747 343 2808 Er
357 2748 446 2808 'simul
465 2748 490 2807 si
510 2767 570 2807 uno
590 2750 620 2807 in
636 2742 831 2830 argumento,

144 2853 258 2916 unaque
279 2832 310 2890 in
331 2829 454 2912 persona
474 2850 556 2890 mens
577 2846 627 2891 tna
649 2845 712 2890 rota
732 2828 831 2892 versa·

144 2912 241 2987 uitur,
262 2932 352 2973 cerno
372 2909 430 2990 jam
444 2915 570 2984 ¹animo,
594 2912 704 2992 quanto
730 2910 830 2970 omnia

145 2995 279 3058 'uberiora
299 3008 386 3073 atque
407 2996 552 3054 ornatiora
569 2990 667 3053 'futura
683 2994 749 3050 sint.
766 2988 833 3048 Ne·

148 3097 200 3160 que
214 3093 321 3139 tamen
338 3075 442 3157 ignoro
459 3073 573 3156 ‚quim
588 3072 773 3154 impudenter
789 3069 832 3131 fa·
