2184 3975
240 513 310 586 An
324 507 584 585 F'Artrrrnnrr
600 477 687 585 ΠΒ.
704 504 737 586 Ῑ.
775 524 822 610 31

142 640 299 712 meamque
319 632 504 692 voluntatem
521 630 559 688 ad
578 629 680 690 summi
699 632 773 704 viri,
789 630 827 692 de

142 731 249 792 meque
276 712 388 793 optime
412 713 508 770 meriti
526 711 694 792 dignitatem
719 731 826 794 aggre-

124 791 259 874 ogassem.
288 793 322 853 ln
350 793 404 851 hac
428 790 569 851 sententia
594 792 828 872 completlendus

141 889 202 933 erat
223 873 298 934 mihi
314 872 434 946 Caesar,
452 890 486 932 ur
504 873 609 945 vides,
629 874 660 932 in
678 871 828 950 conjunila

141 955 172 1014 ὃ(
193 954 278 1014 causa
302 954 335 1014 &
353 955 504 1036 dignitate.
525 951 583 1012 Hic
601 954 725 1013 multum
739 955 829 1014 valuit
868 981 871 989 ¹

143 1055 231 1114 quum
244 1053 334 1096 vetus
352 1036 496 1106 amicitia,
514 1049 603 1115 quarn
618 1050 649 1095 tu
666 1054 728 1094 non
742 1035 829 1116 igno·

141 1137 185 1175 ras
202 1116 301 1190 mihi,
320 1116 351 1175 &
365 1114 410 1195 Q
423 1113 501 1175 fratri
515 1135 582 1174 cum
596 1112 711 1176 Caesare
728 1112 831 1188 fuine,

143 1213 203 1256 turn
222 1197 388 1257 humanitas
404 1192 487 1272 ejus,
510 1215 542 1253 ac
553 1195 706 1256 liberalitas
719 1240 729 1266 ‚
744 1196 829 1256 brevi

140 1293 278 1358 tempore
305 1276 339 1337 &
361 1277 481 1346 litteris,
503 1275 537 1335 δι
558 1273 661 1336 officiis
681 1275 830 1359 perspesta

140 1359 251 1433 nobis,
271 1357 304 1417 &
323 1359 450 1439 cognitas
463 1355 664 1419 Vehementer
677 1359 766 1418 etiam
782 1376 830 1417 res

141 1437 201 1518 ipsa
226 1438 344 1519 publica
363 1457 410 1498 me
431 1439 546 1510 movit,
568 1457 632 1518 quae
651 1437 723 1498 mihi
742 1437 829 1498 vide·

142 1517 227 1578 batur
251 1522 495 1590 contentionem,
518 1517 676 1599 praesertim
696 1520 830 1577 maximis

142 1600 230 1659 rebus
259 1618 278 1659 a
303 1597 416 1661 Caesare
444 1597 556 1680 gestis,
583 1618 650 1660 cum
678 1599 733 1660 illls
760 1600 831 1660 viris

143 1681 223 1740 nolle
246 1679 329 1753 fieri3
354 1680 387 1740 &
407 1724 417 1752 ‚
440 1699 477 1740 ne
503 1678 612 1754 fieret,
638 1680 830 1741 vehementer

144 1759 286 1821 recusare.
319 1757 500 1820 Gravissime
526 1777 625 1821 autern
646 1779 696 1819 me
722 1763 753 1818 in
777 1759 831 1819 hae

145 1858 243 1901 mente
268 1839 438 1920 impulit&
462 1839 596 1921 Pompeii
618 1837 715 1912 fides,
743 1859 831 1920 quam

147 1920 251 1982 deme
273 1917 379 1981 Caesari
398 1918 540 1994 dederat}
569 1920 603 1981 δι
626 1918 720 1980 fratris
744 1920 832 1997 πηοί,

147 2020 231 2081 quarn
250 2000 325 2063 Pom
346 2003 405 2062 eio.
423 1999 511 2061 Erant
529 2018 669 2082 praeterea
684 2001 746 2060 haec
768 2003 831 2061 ani-

145 2023 357 2147 madvertenda
376 2084 407 2146 iu
429 2084 571 2154 civitate,
588 2102 653 2163 quae
674 2082 738 2146 sunt
753 2082 834 2163 apud

145 2158 299 2227 Platonem
313 2160 442 2224 nostrum
456 2158 561 2243 scripta
575 2164 728 2224 divinitus:
742 2162 829 2243 Qua·

145 2246 187 2306 les
208 2250 238 2306 in
262 2244 411 2325 republica
457 2246 581 2325 rincipes
608 2243 726 2319 ellem,
756 2246 830 2308 tales

146 2327 275 2409 reliquos
294 2325 384 2385 solere
406 2342 422 2383 e
444 2344 461 2384 e
482 2327 573 2385 cives.
594 2324 746 2387 Tenebam
763 2349 830 2389 me-

146 2409 260 2480 morial,
281 2405 366 2466 nobis
385 2404 567 2479 consulibus,
588 2426 624 2466 ea
643 2406 831 2469 fundamenta

150 2485 221 2567 jatia
249 2507 287 2548 ex
307 2485 448 2547 Kalendis
476 2485 614 2547 Ianuariis
640 2486 831 2551 confirmandi

91 2633 93 2640 ,
150 2566 286 2642 senariis,
307 2585 339 2627 ut
358 2567 507 2628 neminem
530 2569 626 2627 mirari
649 2586 798 2649 oporteret
820 2617 832 2644 ,

150 2646 243 2709 Nonis
263 2646 438 2708 Decembris
457 2664 568 2709 tantum
587 2649 636 2709 vel
645 2653 732 2710 animi
751 2650 832 2712 fuille
858 2687 861 2691 ι

148 2729 176 2787 in
197 2730 250 2790 illo
273 2728 396 2803 ordine,
417 2730 467 2789 vel
488 2728 669 2792 auetoritatis.
690 2730 831 2811 Idemque

149 2813 338 2882 memineram
352 2855 362 2882 ‚
375 2810 460 2870 nobis
476 2814 594 2893 privaris
610 2812 699 2895 usque
714 2813 751 2873 ad
767 2812 832 2871 Cae-

149 2888 263 2967 sarem,
287 2891 319 2950 ὃ(
335 2890 471 2952 bibulum
487 2892 638 2967 consules,
661 2912 750 2975 quum
768 2890 831 2952 sen-

148 2974 243 3031 tentiae
268 2969 371 3032 nostrae
389 2992 525 3057 magnum
546 2977 577 3035 in
594 2974 693 3037 senatu
715 2972 830 3050 pondus

149 3049 316 3128 baberent,
347 3070 436 3113 unum
456 3053 518 3118 fere
538 3050 751 3192 sensumeuille
773 3053 831 3115 bo·

680 3154 712 3195 tv
