2184 3975
290 502 367 567 '212
440 493 817 562 Errsroranuu

282 607 365 677 tuli,
399 629 459 668 non
481 607 529 666 illa
550 603 690 665 beneficia
711 623 769 665 tuae
788 606 887 687 potihs
910 613 968 664 am·=

287 687 392 746 bitioni
414 687 556 748 reservata
584 683 662 759 elle,
686 687 778 825 ssuhm
797 706 897 759 meae,
924 687 967 766 qui

289 767 450 828 ambitione
470 768 539 827 nihil
560 784 664 827 uterer.
718 787 735 826 e
756 767 967 827 centurionibus

291 862 414 920 tamen,
430 849 461 907 &
477 849 514 908 de
529 847 708 906 tribunorum
722 847 891 907 militarium
906 866 969 906 con·

289 925 512 1001 tubernalibus,
538 947 583 986 res
602 925 643 986 est
665 930 694 985 in
714 929 773 988 inte
793 948 852 1000 ro;
883 947 968 1008 genus

290 1008 369 1066 enim
386 1007 489 1067 homm
509 1005 719 1067 beneficiorum
741 949 894 1087 deffinitum
910 1007 970 1088 lege

292 1108 353 1146 non
376 1106 445 1147 erat.
465 1087 622 1167 Reliquum
644 1085 684 1146 est
708 1087 744 1148 de
769 1087 837 1148 H·S
858 1105 974 1146 centum

289 1166 446 1240 millibus,
478 1167 515 1227 de
544 1167 648 1247 quibus
670 1169 790 1227 memini
815 1167 889 1226 mibi
909 1189 926 1227 a
943 1180 974 1227 τε·

292 1245 413 1326 Myrina
445 1247 553 1307 litteras
587 1244 643 1307 esse
674 1247 797 1320 allatas,
831 1262 895 1306 non
917 1247 971 1307 mei

292 1328 401 1398 errati,
421 1326 469 1388 sed
487 1330 548 1387 tui:
564 1328 593 1385 in
609 1348 667 1407 quo
684 1344 837 1406 peccatum
851 1327 973 1388 videba-

293 1423 339 1466 tur
366 1405 421 1466 esse
444 1452 454 1478 ,
484 1409 508 1467 si
531 1407 623 1466 modb
651 1425 734 1481 erat,
759 1407 855 1468 fratris
880 1407 971 1468 tui&

290 1484 390 1547 Tullii.
408 1485 467 1548 Sed
485 1506 575 1568 quum
594 1487 625 1546 id
647 1489 721 1547 corti
743 1490 752 1545 i
773 1507 835 1549 non
854 1485 970 1568 poss'et,

293 1566 373 1647 qubd
393 1565 452 1645 jam
467 1569 606 1649 depositis
622 1509 779 1627 rationibus
800 1587 838 1627 ex
855 1569 974 1647 provin·

294 1650 339 1706 cia
354 1647 591 1718 decessiffenus,
609 1646 697 1707 credo
716 1667 764 1708 me
786 1648 908 1728 quidem
922 1648 971 1708 tibi

294 1748 351 1807 pro
371 1731 458 1787 animi
476 1731 534 1788 mei
551 1727 719 1800 voluntate,
738 1748 852 1810 proque
871 1749 907 1790 ea
925 1727 972 1808 spe

295 1807 483 1881 facultatum,
499 1828 586 1890 quam
601 1826 662 1867 tum
675 1809 871 1881 habebamus,
889 1809 972 1892 quim

294 1886 498 1948 humanissime
526 1891 673 1968 potuerim
700 1888 898 1970 rescripsille:
925 1889 972 1950 sed

248 2030 250 2033 Α
294 1988 390 2049 neque
424 1987 485 2038 tum
520 1990 568 2029 me
604 1969 779 2032 humanitate
815 1971 972 2032 litterarum

295 2069 426 2109 mearum
454 2049 614 2132 obligatum
641 2071 741 2129 puto,
772 2072 870 2134 neque
897 2071 973 2113 tuam

295 2128 384 2189 hodie
400 2127 549 2209 epistolam
564 2130 600 2190 de
616 2131 686 2191 H-S
700 2151 815 2191 centum
833 2135 875 2191 sic
892 2152 973 2191 acce-

296 2207 387 2287 pille,
409 2226 441 2268 ut
460 2212 481 2269 ii
494 2213 656 2291 accipiunt,
667 2213 768 2293 quibus
782 2210 913 2291 epistolae
923 2232 973 2292 per

296 2288 358 2349 haec
380 2306 514 2371 tempora
538 2290 665 2351 molestae
690 2292 761 2352 sunt.
788 2292 882 2352 Simul
906 2294 973 2353 illud

298 2372 425 2450 cogitare
447 2372 555 2442 debes,
580 2393 627 2432 me
648 2392 767 2431 omnem
791 2376 973 2453 pecuniam,

297 2468 361 2527 quae
388 2452 424 2510 ad
454 2472 501 2512 me
529 2451 612 2511 salvis
641 2452 752 2532 legibus
776 2454 972 2532 pervenillet,

296 2527 418 2609 Ephesi.
438 2554 454 2589 a
475 2533 514 2591 ud
538 2531 705 2611 publicanos
737 2533 921 2613 deposullle:
944 2534 972 2594 id

296 2608 379 2671 fuisse
398 2554 472 2670 HA]
481 2612 524 2669 bis
542 2612 573 2669 &
587 2615 691 2671 vicies:
703 2633 767 2671 eam
783 2635 906 2675 omnem
921 2634 973 2695 pe·

295 2694 410 2749 cuniam
438 2691 609 2768 Pompeium
627 2690 788 2753 abstulille:
814 2696 895 2774 quod
915 2714 971 2777 ego

297 2773 359 2832 sive
380 2792 403 2829 ae
425 2792 464 2830 uo
489 2773 608 2839 animo,
628 2774 689 2830 sive
710 2775 810 2853 iniquo
834 2776 921 2846 fero,
943 2794 973 2835 tu

298 2851 336 2910 de
362 2792 427 2911 H}
455 2866 572 2909 centum
593 2871 676 2930 aequo
701 2857 799 2914 animo
820 2854 896 2915 ferre
919 2856 974 2915 de·'

295 2929 372 3002 bes,
394 2930 426 2991 ὃ(
447 2928 605 2991 existimare
626 2951 663 2991 eo
684 2936 778 2994 minits
796 2936 834 2993 ad
852 2954 903 3009 te,
927 2937 976 2996 vel

296 3010 334 3072 de
355 3013 410 3074 tuis
434 3010 544 3074 cibariis
563 3055 574 3087 ,
593 3012 642 3077 vel
666 3012 703 3075 de
721 3036 788 3077 mea
805 3016 975 3080 liberalitate
