2184 3975
281 449 354 525 'Au
363 451 772 525 mutuumLszII.
806 472 880 548 273

199 570 356 645 tissimum.
381 567 494 630 Notum
513 568 566 628 tibi
583 587 671 628 omne
687 590 785 631 meum
806 590 884 630 con-

201 652 298 713 silium
310 647 368 712 else
387 650 488 726 volui,
511 666 544 710 ut
564 651 689 728 primum
708 650 810 723 scires,
831 672 881 713 me

199 752 362 813 numquam
375 730 496 791 voluisse
511 730 575 811 plus
589 749 766 810 quemquam
783 729 884 811 polle,

203 812 292 894 qu'am
306 808 470 873 universam
484 809 707 890 rempublicam:
723 809 820 891 postea
835 832 886 871 au·

201 911 264 953 tem
284 892 374 973 quim
393 891 511 970 alicujus
532 889 618 968 culpi
643 906 755 950 tantum
772 892 884 952 valeret

203 992 296 1046 unus,
316 990 350 1033 ιιι
368 969 465 1031 obsisti
484 991 545 1031 non
565 966 677 1051 posset,
696 991 744 1030 me
763 969 885 1031 voluisse

205 1070 331 1134 pacem:
350 1048 451 1121 amisso
464 1051 614 1124 exercitu,
630 1049 662 1109 &
678 1069 715 1110 eo
738 1048 834 1127 duce,
854 1052 887 1111 iu

204 1154 264 1215 quo
283 1130 358 1231 spes,
368 1130 459 1194 fuerat
474 1140 561 1205 urio,
587 1136 635 1190 m'e
655 1128 776 1193 voluisse
797 1134 886 1193 etiam

205 1215 322 1295 reliquis
341 1213 497 1284 omnibus3
519 1208 672 1291 postquam
695 1233 755 1273 non
775 1231 887 1293 potue·

206 1296 282 1367 rim,
303 1291 375 1354 mibi
393 1294 449 1375 ipsi
467 1289 557 1353 linem
575 1287 669 1351 fecisse
688 1292 757 1353 belli
776 1314 783 1350 :
809 1313 886 1353 nunc

208 1386 333 1448 amem,
367 1375 393 1433 si
417 1373 480 1433 haec
502 1374 603 1432 civitas
628 1368 692 1444 est,
712 1374 808 1431 civem
830 1370 888 1433 elle

208 1473 274 1528 me3
290 1455 408 1526 sinon,
426 1451 552 1514 exsulem
571 1448 628 1512 esse
648 1473 709 1511 non
723 1455 891 1512 incommo-

210 1534 290 1595 diore
312 1533 405 1607 loco,
468 1533 515 1593 lun
535 1535 560 1592 si
576 1530 736 1604 Rhodum,
756 1549 802 1591 aut
820 1533 887 1591 Mi-

209 1615 324 1696 tylenae
353 1629 442 1674 contu
454 1616 464 1681 '.
483 1633 540 1675 em.
566 1611 638 1671 Haec
670 1627 767 1671 tecum
791 1612 891 1674 corium

210 1695 389 1768 malueram,
406 1693 457 1754 sed
471 1695 537 1775 quia
554 1693 668 1831 Ιοιιῇἰιε
683 1689 771 1753 fiebat
779 1735 790 1764 ,
807 1693 892 1754 volui

212 1795 261 1855 per
279 1775 390 1851 litteras
410 1773 534 1847 eadem3
553 1789 585 1833 ut
644 1772 727 1833 betes
750 1774 819 1853 quid
840 1774 891 1835 di·

213 1875 290 1917 ceres
310 1899 320 1929 ‚
345 1855 505 1934 siquando
530 1855 561 1913 in
580 1855 789 1931 vituperatores
808 1874 894 1916 meos

213 1932 365 1997 incidisses.
384 1933 458 1996 Sum
477 1936 579 2007 euim,
610 1934 681 2014 qui,
705 1954 793 2015 quum
809 1955 894 1997 meus

214 2013 342 2079 luteribus
367 2016 439 2075 nihil
463 2013 549 2076 fuerit
569 2014 732 2094 reipublicae
756 2015 894 2096 profutu-

215 2118 278 2171 rus,
300 2096 429 2155 criminis
445 2096 513 2156 loco
534 2110 636 2176 putem
654 2091 733 2166 effe,
752 2095 832 2174 qubd
849 2098 896 2157 vi·

216 2196 290 2238 vam.
314 2174 434 2254 Quibus
455 2196 511 2271 ego
534 2175 615 2236 certb
635 2173 692 2233 scio
716 2194 776 2235 non
800 2177 896 2237 videri

217 2256 276 2318 satis
295 2256 405 2316 multoe
427 2254 546 2335 perisse:
565 2257 615 2335 qui
635 2257 658 2313 si
672 2274 719 2314 me
735 2254 895 2331 audissem,

217 2338 348 2419 qrumvis
368 2337 467 2415 iniqui
488 2355 583 2417 pace,
602 2333 722 2395 honeste
737 2354 835 2398 tamen
849 2340 897 2398 vi-

217 2431 335 2480 vetent:
350 2418 434 2476 armis
450 2420 528 2477 enim
545 2415 719 2489 inferiores,
733 2419 895 2478 noncausb

219 2495 341 2558 luiffem.
373 2496 474 2558 Habes
507 2494 659 2577 epistolam
694 2498 897 2558 verbosiorem

220 2574 334 2640 somaffe
344 2619 358 2650 ‚
369 2576 457 2656 quim
470 2578 581 2639 velles:
595 2575 675 2655 quod
686 2577 740 2638 tibi
749 2579 790 2638 ita
802 2579 899 2639 videri

220 2658 327 2798 ἓιιῑιὶιο
348 2659 442 2729 ,misi
466 2658 538 2717 mihi
562 2657 725 2797 logiorem
749 2658 901 2719 remiseris.

241 2760 304 2822 go,
321 2738 347 2798 si
364 2756 430 2816 qua
445 2739 518 2800 volo
533 2758 590 2819 exp
629 2739 711 2811 iero,
728 2739 812 2802 brevi
827 2756 903 2800 tem·

221 2837 291 2899 pote
311 2833 368 2892 te,
379 2831 412 2880 ut
426 2817 532 2901 spero,
551 2818 673 2882 videbo.
686 2817 777 2881 Vale.

724 3056 799 3121 Me
