2184 3975
277 501 348 569 Ar>
363 500 588 573 Frurrrru.
604 503 691 571 ΜΒ.
707 504 775 576 IX.
806 505 853 600 38
859 527 879 600 3

144 688 146 697 Ι
195 614 256 698 qui
276 614 337 678 fide
357 628 473 676 mecum
489 617 590 678 vivant
608 618 716 700 ii‚·qui
737 641 785 682 me
804 624 879 681 assi-

144 706 148 737 ”
198 699 256 758 due
279 697 381 758 colunt
405 697 438 756 &
459 693 639 773 observant,
670 699 799 779 praestare
821 722 885 767 non,

198 776 324 860 possum.
343 775 387 839 Ita
409 775 464 851 fit,
490 795 523 837 ut
545 778 578 838 &
597 781 782 841 consiliorum
798 781 883 863 supe·

175 868 178 873 ’
198 862 317 945 riorum,
334 857 531 931 conscientia,
552 860 584 919 δι
602 860 746 940 prasentia
765 879 883 942 tempo-

200 942 237 1001 ris
258 938 463 1001 moderatione
487 959 536 999 me
562 940 726 1016 consoler,
753 943 883 1021 &illam

200 1021 285 1083 Accii
313 1019 531 1083 similitudinem
558 1042 618 1081 non
646 1022 738 1084 modb
763 1021 824 1102 jam
846 1023 884 1084 ad

200 1101 364 1174 invidiam,
388 1101 438 1160 sed
458 1099 495 1160 ad
516 1100 661 1163 fortunam
680 1103 850 1163 transferam
871 1124 881 1177 3

200 1203 288 1264 qrram
311 1179 441 1242 existimo
463 1181 559 1242 levem
580 1183 612 1242 ὃ(
628 1183 826 1258 imbecillam,
844 1185 881 1245 ab

162 1302 165 1307 -
201 1266 302 1326 animo
322 1261 411 1323 firmo
430 1260 462 1322 ὅ(
478 1264 582 1344 glavi,
600 1279 747 1344 tamquam
767 1263 884 1324 fluctum

201 1366 220 1409 a
238 1342 329 1417 fixo,
353 1341 445 1425 frangi
462 1357 611 1424 oportere.
635 1341 771 1418 Etenim,
796 1363 886 1425 quum

203 1424 290 1505 plena
303 1426 360 1484 sint
373 1440 564 1507 monumenta
577 1421 768 1498 Graecorum,
784 1445 887 1504 quem-

201 1504 363 1565 admodum
380 1502 580 1585 sapientissimi
594 1506 650 1564 viri
666 1525 756 1587 regna
769 1505 885 1565 tulerint

202 1586 252 1647 vel
278 1584 425 1658 Athenis,
443 1585 492 1646 vel
513 1583 683 1665 Syracusis,
703 1604 810 1664 quum,
830 1584 887 1644 ser·

203 1666 349 1729 trientibus
386 1664 442 1726 suis
468 1665 632 1726 civitatibus
655 1710 665 1739 ,
694 1665 801 1726 suerint
830 1667 886 1745 ipsi

202 1746 426 1828 quodammodo
443 1745 543 1818 liberi3
564 1765 621 1828 ego
641 1765 689 1807 me
705 1769 766 1807 non
784 1762 886 1827 putem

204 1830 280 1890 tueri
300 1846 400 1892 meum
418 1823 520 1887 statum
543 1828 583 1885 sic
592 1825 685 1964 spolle
708 1873 717 1900 ‚
738 1844 770 1887 ut
789 1846 886 1908 neque

205 1906 354 1970 offendam
373 1909 500 1966 animum
524 1904 590 1983 cuju
604 1928 710 1989 quam,
733 1928 788 1968 nec
807 1906 888 1967 fran-

205 2010 270 2082 gam
293 1990 464 2071 dignitatem
479 1986 601 2047 meam?
631 1987 716 2047 Nunc
734 1991 824 2049 venio
848 1989 887 2048 ad

205 2072 366 2152 locationes
377 2087 460 2141 tuas,
477 2088 567 2149 quum
583 2086 613 2128 tu
629 2068 784 2129 secundrim
797 2068 888 2129 OEno·

207 2173 306 2212 maum
335 2149 453 2221 Accii,
476 2169 568 2222 non,
598 2164 630 2208 ut
654 2150 725 2211 olim
745 2149 888 2220 solebat,

207 2231 404 2305 Atellanum,
430 2228 505 2303 sed,
537 2246 569 2289 ut
592 2249 668 2290 nunc
688 2228 742 2302 fit,
764 2232 887 2291 mimum

204 2309 399 2376 introduxisti.
429 2308 532 2387 Quem
553 2326 586 2369 tu
610 2310 681 2369 milri
710 2309 890 2391 Polypum,

208 2413 296 2476 quem
306 2390 468 2453 Denarium
478 2388 593 2449 narras?
605 2410 691 2491 uuam
698 2388 886 2468 Tyrotarichi

207 2476 337 2555 patinam
361 2473 372 2533 i
400 2470 537 2531 facilitate
561 2488 627 2529 mea
652 2469 703 2528 isla
723 2468 890 2548 serebantur

206 2568 314 2626 antea3·
327 2572 402 2613 nunc
418 2552 528 2612 mutata
545 2568 591 2608 res
606 2547 656 2613 est.
672 2549 799 2609 Hirtium
815 2569 892 2631 ego,

207 2636 241 2695 &
259 2632 450 2694 Dolabellam
468 2629 584 2703 dicendi
605 2630 757 2711 discipulos
775 2630 891 2703 habeo,

207 2713 347 2776 coenandi
363 2711 522 2793 magistros.
546 2709 620 2773 Puto
640 2714 720 2771 enim
736 2727 766 2769 te
785 2706 891 2769 audisse

207 2795 223 2874 (
251 2798 277 2859 si
304 2793 380 2853 forte
407 2791 443 2851 ad
473 2811 528 2851 vos
554 2794 653 2852 omnia
676 2786 893 2872 perferuntur)

205 2876 277 2937 illos
296 2874 375 2955 apud
394 2892 444 2933 me
460 2871 667 2946 declamitare,
680 2891 729 2933 me
745 2869 822 2950 apud
837 2887 890 2927 eos

208 2958 363 3021 coenitare.
395 2951 444 3012 Tu
468 2966 566 3011 autem
589 2953 669 3034 qubd
694 2950 764 3011 mihi
782 2949 891 3010 bonam

204 3039 330 3120 copiam
343 3032 459 3117 eiures,
474 3032 546 3094 nihil
559 3032 601 3096 eli
611 3055 619 3094 ι
631 3049 693 3096 tum
707 3032 786 3093 euim
801 3046 891 3111 quum
