2184 3975
299 472 789 552 Anumnmu.nm.ix.
831 493 907 578 395

219 590 256 653 id
271 592 420 667 verbum,
439 613 500 675 quo
512 611 545 654 tu
560 593 627 654 usus
641 615 683 656 es.
704 598 808 678 Quid,
823 601 905 681 quod

220 674 320 756 -vulgb
338 674 460 749 dicitur,
480 681 571 815 (ium
587 699 639 736 nos
654 695 679 735 te
694 682 830 740 voluimus
845 704 909 743 con·

224 759 338 830 mue,
359 764 428 816 num
448 756 488 815 ob
500 776 617 815 coenum
638 755 699 817 est?
717 758 859 835 Memini,
876 765 906 824 in

223 833 327 897 senatu
350 834 486 896 disertum
512 836 691 896 consularem
717 842 756 899 ita
782 842 904 921 eloqui:

224 917 311 976 Hanc
330 918 439 996 culpam
461 915 612 996 majorem,
632 920 766 978 anillam
784 924 906 984 dicam?

224 999 323 1074 potuit
332 995 493 1057 obscoenius
506 997 517 1056 ἓ
531 995 620 1071 Non,
630 999 741 1079 inquis:
752 1023 812 1060 non
827 1005 905 1061 enim

219 1076 265 1135 ita
285 1076 381 1138 sensit.
396 1075 469 1137 Nun
486 1097 560 1158 ergo
577 1081 609 1137 in
628 1079 720 1141 verbo
739 1080 788 1141 est.
807 1080 906 1143 Docui

221 1175 323 1218 nutem
342 1159 373 1217 in
394 1176 425 1217 re
439 1178 499 1216 non
516 1155 583 1217 eil'e.
594 1157 744 1240 Nusquam
754 1164 839 1243 igitur
854 1162 905 1226 est.

191 1278 202 1299 ι,
224 1239 334 1297 Liberis
352 1239 419 1296 dare
434 1259 566 1318 operam,
586 1239 673 1318 quim
689 1241 806 1302 honeste
831 1243 905 1304 dici·

224 1316 299 1378 tur?
327 1319 416 1378 etiam
447 1335 542 1398 patres
573 1337 677 1398 rogant
707 1319 811 1381 filios:
841 1323 905 1402 ejus

225 1416 325 1476 operae
344 1417 454 1458 nomen
470 1419 532 1458 non
553 1401 659 1458 audent
679 1400 783 1461 dicere.
805 1402 907 1464 Socra-

223 1494 285 1538 tem
309 1475 413 1538 fidibus
438 1478 537 1538 docuit
555 1480 749 1540 nobilissimus
770 1481 875 1543 fidicen
896 1507 905 1546 ε

223 1557 248 1617 is
271 1555 396 1619 Connus
412 1562 556 1618 vocitatus
576 1558 636 1620 est:
654 1581 724 1619 num
742 1562 772 1621 id
791 1563 905 1624 obscoe-

222 1659 296 1698 uum
315 1637 421 1735 putas?
443 1637 550 1718 Quum
565 1640 709 1720 loquimur
721 1644 817 1718 temi‚
833 1645 904 1706 nihil

224 1719 323 1800 flagitii
337 1720 477 1793 dicimur,
489 1738 519 1778 at
533 1740 622 1801 quum
637 1724 716 1796 bini,
733 1723 904 1786 obscoenum

224 1797 274 1860 est.
302 1797 413 1861 Graecis
438 1801 586 1882 quidem,
615 1805 735 1883 inquies.
764 1804 842 1864 Nihil
863 1805 905 1868 est

224 1898 295 1963 ergo
310 1881 343 1940 in
355 1881 467 1954 verbo,
484 1902 574 1961 quum
591 1883 624 1942 δι
640 1903 696 1966 ego
711 1882 815 1947 Graece
828 1886 905 1949 scio:

222 1960 257 2020 &
269 1978 375 2022 namen
391 1961 443 2022 eibi
463 1961 549 2037 dico,
565 1964 623 2024 bini
638 1988 646 2025 .·
661 1965 747 2045 idque
765 1984 795 2026 tu
812 1966 906 2042 facis,

225 2044 306 2121 quasi
367 2064 386 2103 o
413 2040 540 2117 Graue,
565 2065 626 2103 non
650 2045 750 2105 Latine
775 2048 907 2110 dixerim.

226 2062 378 2197 nniuji(
400 2142 511 2197 menta,
534 2124 610 2184 rede
630 2144 795 2207 utrumque.
822 2127 905 2189 Volo

224 2216 353 2265 mentam
373 2204 503 2284 pusillam
524 2206 565 2262 ita
583 2226 620 2286 ap
643 2208 750 2280 ellare,
772 2224 804 2267 ut
820 2226 906 2270 rutu-

225 2283 299 2344 lum:
316 2285 468 2344 nonlicet.
488 2283 570 2346 Bella
584 2304 596 2346 t
642 2288 749 2347 oriola:
769 2288 816 2347 dic
832 2310 904 2373 ergo

226 2367 312 2424 etiam
336 2367 502 2445 pavimenta
519 2365 572 2425 isto
592 2368 708 2429 modo:
733 2390 794 2427 nou
806 2369 906 2449 'poten

226 2442 333 2505 Viden'
345 2447 431 2527 igitur
448 2447 517 2505 nihil
533 2445 591 2507 effe
603 2492 614 2520 ‚
627 2451 681 2508 nisi
695 2452 833 2529 ineptias:
846 2468 907 2511 tur-

227 2526 460 2603 pitudinemn'ec
478 2530 507 2586 in
527 2527 621 2587 verbo
641 2528 719 2603 elle,
742 2533 797 2589 n'ec
811 2532 839 2590 in
855 2551 910 2591 re:

187 2645 191 2658 .
226 2605 264 2664 ita
285 2625 324 2667 ue
340 2606 479 2687 nusquam
496 2606 562 2669 effe.
576 2607 670 2690 igitur
689 2611 718 2671 in
741 2610 836 2671 verbis
855 2612 910 2668 ho·

227 2705 262 2746 ne
287 2688 293 2701 ‘
328 2685 465 2747 obscoena
477 2691 622 2767 ponimus.
641 2690 723 2770 Quid
736 2694 813 2749 enim
823 2690 834 2748 ἓ
846 2707 908 2746 non

226 2764 379 2827 honestum
402 2768 526 2828 verbum
554 2768 595 2829 est
619 2772 747 2831 divisio?
774 2768 814 2827 At
836 2764 910 2826 inest

227 2846 467 2922 obscoenum,cui
476 2848 633 2928 respondet
640 2850 819 2931 intercapedo.
828 2843 911 2938 N.¹¹¹¹¹

228 2926 290 2986 llaec
305 2947 378 3022 ergo
394 2927 530 2988 obscoena
546 2929 629 3012 sunt?
646 2953 700 2992 nos
720 2946 815 2989 autem
848 3009 853 3016 Ι

230 3008 304 3069 culi.
324 3007 524 3083 Sidicinus,
543 3010 593 3072 ille
614 2921 982 3202 pauremsstvqan?

823 3257 982 3529 ᾖ
