2184 3975
192 508 263 578 Ao
276 506 538 580 leums
553 511 719 584 Limlll.
751 530 800 606 pr

120 623 246 699 meliirs,
262 624 353 707 quim
363 626 439 700 dici,
452 641 500 685 aut
514 624 598 685 scribi
611 626 693 687 volo.
704 625 804 706 Quod

119 706 257 767 itinerum
279 727 414 767 meorum
431 709 505 767 ratio
525 722 564 766 re.
581 708 748 768 nonnullam
770 710 801 767 irr

119 784 336 849 dubitationem
355 787 472 850 videtur
496 787 662 860 adducere,
678 786 804 849 visurus·

120 886 156 927 rre
185 888 237 929 me
251 871 302 930 :ris
322 871 352 929 in
373 871 528 950 provincia
551 887 562 940 ;
595 888 631 928 ea
651 888 697 929 res
716 872 756 929 sic
776 868 806 930 se

120 946 219 1010 habet.
231 947 377 1011 Brundisii
390 971 480 1031 quum
496 949 634 1030 loquerer
648 970 716 1009 cum
727 948 808 1009 Pim-

121 1031 192 1104 nia,
214 1030 323 1091 liberto
342 1047 428 1106 tuo,
458 1032 528 1092 verri
547 1032 579 1088 in
600 1050 670 1102 eum
691 1029 808 1092 sermo·

123 1128 212 1186 nem,
232 1128 266 1173 ur
285 1111 443 1186 dicerem,
463 1131 510 1171 me
532 1109 658 1172 libenter
682 1111 722 1171 ad
742 1131 810 1172 eam

122 1209 236 1273 partem
250 1194 410 1274 provincia
423 1194 550 1273 primirm
562 1189 619 1252 effe
630 1209 807 1267 venturum,

124 1274 182 1355 qui>
211 1290 244 1334 te
271 1273 397 1333 maxime
424 1273 505 1333 veile
532 1272 709 1335 arbitrarer:
738 1292 809 1336 tunc

123 1354 194 1415 mihi
215 1354 267 1415 ille
287 1353 381 1428 dixit,
397 1353 478 1434 quod
495 1350 580 1413 claffe
596 1358 629 1414 tir
645 1354 737 1416 velles
754 1354 808 1415 de-

124 1435 228 1497 cedere
248 1478 261 1508 ‚
285 1456 339 1516 per
361 1433 429 1495 fore
447 1435 702 1496 accommodamm
724 1436 809 1511 tibi,

126 1516 147 1577 ri
169 1516 210 1576 ad
228 1516 311 1577 illam
325 1518 499 1577 maritimam
519 1533 633 1594 partem
650 1517 808 1595 provinciae

125 1598 247 1659 navibus
267 1594 455 1659 accessiffem.
481 1595 555 1656 Dixi
573 1615 622 1656 me
638 1594 695 1657 effe
717 1595 810 1656 faetu-

126 1675 813 1840 ffl'd‘iffcfissiffiii’riiieiufflrimcii

120 1838 179 1902 eise
209 1838 377 1902 faciendum
399 1859 425 1913 ·,·
441 1857 471 1900 te
498 1837 652 1899 Laodiceae
665 1861 667 1864 ·
680 1837 744 1897 fore
772 1837 810 1898 ad

126 1940 227 1986 meum
260 1922 429 1984 adventum.
458 1919 538 1981 Erat·
557 1915 588 1980 id
615 1918 688 1979 mirri
716 1920 813 1981 multo

126 2003 278 2080 brevius,
304 2003 457 2086 muirdque
483 2001 692 2075 commodius,
719 2021 812 2083 quum

126 2084 284 2170 presertim
309 2103 339 2146 te
362 2088 403 2147 ita
424 2084 519 2145 -malle
552 2084 711 2144 arbitrarer.
744 2082 812 2145 Tua

120 2170 197 2234 mio
222 2164 324 2247 postea
347 2164 389 2230 est
406 2183 593 2231 commutata.
630 2164 716 2228 Nunc
739 2166 813 2252 quid

127 2247 186 2311 ieri
211 2250 328 2331 possit,
346 2266 377 2309 m
394 2247 529 2312 facillime
547 2245 668 2309 statues:
684 2270 742 2390 epo
757 2254 812 2314 tibi

91 2365 94 2380 =
127 2351 227 2406 meum
243 2330 396 2392 consilium
413 2351 571 2412 exponam.
587 2328 682 2410 Prope
729 2332 810 2394 alen·

129 2411 174 2473 des
203 2409 329 2473 Sextiles
360 2429 432 2493 puro
461 2432 510 2473 me
535 2410 689 2472 Laodiceae
717 2411 812 2476 fore:

128 2514 293 2576 perpaucos
310 2492 397 2565 dies,
418 2494 490 2554 dum
512 2495 636 2572 pecunia
654 2495 810 2573 accipitur,

130 2593 188 2656 ῳε
207 2574 282 2635 mihi
301 2574 466 2654 erepublica
485 2576 699 2655 permutatione
718 2574 811 2637 debe-

129 2671 189 2733 mr,
212 2655 440 2716 commorabor:
458 2655 566 2715 deinde
583 2657 639 2716 iter
654 2654 758 2716 faciam
773 2658 812 2718 ad

130 2738 317 2810 exercitum,
344 2752 378 2796 ut
397 2740 509 2798 circiter
528 2734 595 2797 Idus
609 2736 813 2819 Sextilespu-

131 2835 183 2881 tem
214 2838 268 2880 me
293 2816 331 2877 ad
356 2816 486 2879 Iconium
509 2816 583 2880 fore.
609 2816 671 2878 Sed
692 2821 716 2879 si
740 2818 813 2899 quid

133 2921 199 2962 mc
218 2920 270 2961 me
286 2898 359 2959 fallit
374 2903 404 2960 in
420 2900 570 2960 scribendo
587 2898 600 2982 (
616 2902 717 2980 procul
729 2901 811 2960 enim

133 2980 303 3045 rberam'ab
324 3000 355 3041 re
374 2980 455 3061 ipsa,
471 2983 504 3041 δι
524 3004 540 3041 a
557 2979 656 3062 locis)
675 2979 759 3040 simul
776 2999 812 3040 ac

135 3064 266 3152 progredi
290 3080 433 3145 coepero,
449 3062 537 3146 quim
554 3061 705 3124 celerrime
720 3075 811 3142 pote·
