2184 3975
235 487 312 570 '232
385 474 760 542 Ertsroarnuit

236 592 358 652 omnino
382 586 493 647 fefellit.
513 583 681 658 Dicerem,
702 605 766 665 quae
787 583 853 644 ante
878 583 924 645 fui

239 687 302 731 tura
320 665 469 740 dixissem,
484 668 515 725 ni
539 685 675 740 vererer,
695 685 731 723 ne
752 684 788 722 ex
808 667 923 725 eventis

240 747 350 826 fingere
368 748 492 809 viderer.
516 743 574 805 Sed
601 765 698 806 tamen
721 744 836 823 plurimi
859 743 924 805 sunt

240 829 348 899 testes,
369 848 416 887 me
437 829 470 894 δι
492 827 595 897 initio,
620 847 658 886 ne
681 821 871 904 conjungeret
895 823 925 888 se

244 931 311 968 cum
332 905 473 980 Caesare,
498 904 637 972 monuiffe
659 904 732 965 Pom
754 907 832 964 eium
856 949 866 976 ‚
896 905 927 964 &

244 986 360 1068 postea,
373 1008 410 1047 ne
427 985 586 1064 sejungeret
597 1005 604 1041 ε
615 925 817 1059 conjuntiione
833 982 927 1065 frangi

244 1067 356 1135 ferrariis
375 1086 446 1145 opes
468 1062 684 1141 :disjunfiione
713 1065 798 1125 civile
820 1065 930 1123 bellum

247 1149 365 1208 excitari
380 1145 527 1206 videbam.
540 1143 638 1224 Atque
654 1144 755 1204 utebar
773 1142 931 1204 familiaris·

248 1227 320 1288 sime
344 1224 478 1296 Caesare,
499 1223 672 1304 Pompeium
692 1223 834 1283 faciebam
859 1224 930 1304 plu-r

249 1309 315 1368 rimi
333 1327 340 1363 :
357 1305 406 1366 sed
429 1321 489 1363 erat
508 1325 607 1364 meum
625 1305 777 1364 consilium
794 1302 933 1383 quumpfi·

249 1386 315 1446 dele
331 1384 497 1465 Pompeio,
515 1401 575 1443 tum
585 1384 706 1449 ¹salutare
717 1386 839 1462 utrique.
854 1383 932 1463 Quae

249 1482 389 1547 praeterea
418 1463 624 1545 providerim,
654 1482 794 1544 praetereo
823 1485 831 1522 ι
863 1465 934 1526 nolo

251 1548 331 1607 enim
350 1547 426 1606 hunc
443 1546 479 1604 de
493 1565 541 1605 me
563 1546 672 1626 optime
688 1547 822 1604 meritum
839 1541 937 1608 existi÷

253 1646 333 1693 mare
344 1671 353 1699 ‚
370 1647 404 1686 ea
417 1646 465 1685 me
479 1623 590 1685 suasisse
602 1624 743 1702 Pompeio
755 1669 763 1695 ,
774 1623 876 1702 quibus
888 1623 938 1685 ille

254 1708 280 1766 si
298 1704 452 1786 paruisset,
469 1701 538 1764 effer
556 1706 602 1764 hic
616 1703 734 1784 quidem
748 1704 839 1763 clarus
851 1705 881 1762 in
892 1718 938 1764 to·

255 1807 313 1867 ga,
332 1786 364 1844 &
387 1789 519 1865 princeps
533 1804 543 1856 3
558 1785 607 1845 sed
626 1802 716 1845 tantas
736 1804 829 1863 opes,
848 1806 939 1864 quan·

256 1884 299 1926 tas
317 1886 392 1924 nunc
416 1865 520 1935 habet,
537 1887 596 1925 non
615 1865 744 1924 haberet.
764 1862 899 1924 Eundum
910 1867 939 1924 in

257 1943 427 2023 Hispaniam
448 1943 543 2004 censui
563 1967 572 2017 3
593 1946 673 2025 quod
696 1947 719 2005 si
738 1943 873 2015 feciffet,
896 1947 941 2005 ci·

256 2026 316 2087 vile
333 2025 441 2083 bellum
453 2024 564 2083 nullum
583 2029 703 2083 omnino
724 2024 825 2085 fuiffet.
839 2024 943 2085 Ratio-

259 2125 328 2171 nem
345 2104 443 2164 habeti
461 2102 582 2163 absentis
601 2127 661 2164 non
682 2123 740 2165 tam
763 2108 889 2188 pugnavi
912 2124 943 2165 ut

260 2185 381 2255 liceret,
396 2183 482 2262 quam
499 2202 547 2254 ur,
569 2188 726 2263 quoniam,
745 2186 809 2266 ipso
828 2184 943 2248 consule

259 2264 435 2344 pugnante,
456 2263 581 2341 populus
608 2263 720 2342 jufferat
742 2309 751 2337 ‚
781 2264 945 2330 haberetur.

263 2341 358 2414 Causa
378 2357 440 2402 orta
464 2342 532 2402 belli
552 2342 593 2403 est
615 2366 622 2403 ι
648 2345 717 2425 quid
740 2365 796 2425 ego
822 2362 945 2425 praeter·

261 2423 328 2483 misi
353 2439 401 2482 aut
423 2425 634 2495 monitorum,
665 2443 713 2485 aut
741 2425 944 2504 querelarum,

262 2522 353 2582 quum
375 2503 424 2563 vel
444 2505 652 2584 iniquissimam
673 2524 774 2584 pacem
797 2502 947 2581 justissimo

160 2662 166 2670 .
264 2582 344 2651 bello
357 2580 529 2654 anteferrem
541 2584 552 2643 ἓ
563 2583 647 2654 Vidn
657 2582 696 2644 est
707 2583 948 2661 audioritasmea,

265 2682 326 2722 non
345 2680 403 2721 tam
419 2662 592 2743 aPompeio
610 2663 700 2744 (nam
712 2667 736 2723 is
753 2665 948 2748 movebatur)

265 2742 357 2824 quim
373 2743 409 2801 ab
425 2744 481 2818 iis,
494 2748 543 2824 qui
559 2743 631 2803 duce
643 2744 785 2822 Pompeio
801 2743 868 2804 freti
883 2766 950 2825 per·

267 2840 462 2903 opportunam
483 2824 515 2881 &
535 2824 619 2882 rebus
641 2822 803 2882 domesticis
823 2826 854 2894 &
873 2828 952 2906 cupi-

269 2902 404 2968 ditatibus
418 2901 473 2972 suis
490 2903 564 2960 illius
579 2902 647 2966 belli
657 2902 807 2962 vifioriam
820 2903 883 2964 fore
898 2926 953 2984 pu-

269 2980 566 3061 .tabanr..Sufceptum
582 2981 705 3055 bellum
716 2982 756 3045 est
768 3028 777 3059 ‚
791 2984 954 3065 quiescente
