2184 3975
563 289 570 316 l

280 482 360 578 '356
430 469 810 549 Erisroznnt'fnt

280 599 379 667 exire,
398 611 504 667 urea,
524 611 589 673 quae
613 594 770 674 agebantur
790 591 864 665 hic,
883 595 958 674 qui·

271 695 337 815 plue
358 674 551 747 dicebantur,
572 693 628 733 nec
649 674 804 744 viderem,
832 692 889 732 nec
907 693 958 732 au·-

300 757 382 815 ‘rem.
399 753 458 814 Sed
478 753 670 812 calunniabar
692 751 772 832 ipse:
792 752 956 832 putabam,

274 837 346 916 ,quit
362 834 482 894 obviam
516 833 586 893 mibi
613 831 763 905 venisset,
793 850 829 892 ut
860 835 959 972 cuipuue

278 915 470 975 commodum
489 911 577 988 esset,
595 911 821 993 suspicaturum,
837 930 887 973 aut
925 917 961 974 'u-

277 1011 406 1069 turum,
436 996 523 1056 etiam
545 995 651 1052 sinon
670 991 883 1072 suspicaretur:
906 992 961 1054 Hic

279 1094 329 1137 aut
351 1076 477 1146 metuit,
500 1073 533 1133 ὃ(
551 1072 587 1133 ed
609 1072 762 1155 refugit,
782 1092 832 1132 auc
854 1073 962 1154 aliquid

279 1158 410 1236 cogitat,
429 1155 460 1214 δι
474 1153 562 1212 hahet
578 1174 684 1213 navem
705 1169 845 1233 paratam.
865 1151 962 1214 Deni-

268 1279 271 1284 -
302 1255 361 1307 ue,
383 1233 527 1295 levissime
549 1236 599 1313 qui
621 1232 836 1313 suspicaretur,
862 1233 963 1314 &qui

314 1311 395 1375 narse
418 1335 467 1374 me
489 1335 507 1372 o
530 1315 600 1372 time
617 1312 763 1386 novisset,
784 1321 786 1326 “
807 1330 902 1374 utaret
914 1333 982 1374 me.

278 1394 389 1465 idcircb
409 1394 576 1469 discedere,
601 1393 683 1474 quod
704 1391 780 1474 quos
796 1413 844 1452 am
860 1393 961 1454 homi.-

271 1495 332 1535 -nes
366 1476 442 1535 oculi
475 1477 534 1535 mei
558 1473 633 1535 serre
661 1495 721 1533 non
743 1471 866 1555 possent.
889 1472 962 1534 Haec

279 1575 339 1637 ego
365 1554 505 1636 suspicans
526 1555 619 1615 adhuc
643 1553 747 1614 Romae
771 1574 907 1614 manem
931 1553 963 1614 &

280 1653 378 1696 tamen
399 1635 540 1701 λιληθέτως
557 1633 734 1695 consuetudo
755 1633 889 1695 diuturna
908 1635 964 1694 cai·

279 1716 342 1776 lum
361 1713 420 1792 jam
439 1715 561 1776 obduxit
581 1713 730 1775 stomacho
755 1733 836 1776 meo.
863 1715 962 1777 Habes

278 1797 423 1856 rationem
438 1798 496 1855 mei
508 1796 629 1855 consilii.
645 1794 713 1855 Tibi
726 1797 814 1874 igitur
827 1795 886 1855 hoc
900 1815 963 1856 cen·

279 1874 354 1949 seo,
379 1875 528 1936 latendum
558 1873 695 1954 tantisper
724 1875 863 1948 ibidem,
894 1876 963 1936 dum

279 1954 451 2016 defervescit
466 1956 526 2015 hac
544 1956 719 2037 gratulatio,
738 1955 770 2015 &
788 1954 875 2015 simui
892 1955 962 2016 dum

278 2030 446 2110 audiamus,
460 2037 708 2117 quemadmodum
724 2039 876 2117 negotium
893 2057 963 2096 con·

279 2116 386 2177 sedium
412 2118 470 2177 sit:
499 2116 663 2177 confedum
684 2120 763 2177 enim
786 2114 843 2176 esse
863 2114 962 2175 existi-

280 2216 340 2254 mo.
361 2196 463 2277 Magni
488 2215 586 2256 autem
611 2199 770 2269 intererit,
798 2198 849 2277 qui
876 2195 962 2256 suerit

279 2274 394 2335 visioris
411 2278 543 2347 animus,
559 2279 608 2357 qui
622 2279 714 2336 exitus
728 2296 844 2348 rerum3
859 2297 962 2356 quam·-

273 2374 390 2433 ,quam‚
414 2358 472 2435 qub
497 2376 544 2415 me
575 2355 738 2433 eonjediura
760 2356 874 2431 ducat,
906 2357 963 2416 ha·

279 2434 339 2494 beo
355 2459 361 2494 ε
382 2436 433 2496 sed
449 2436 582 2516 exspesio
599 2455 705 2497 tamen.
722 2435 771 2498 Te
784 2438 856 2496 verb
869 2438 965 2513 nolo,

280 2516 336 2574 nisi
356 2516 414 2594 ipse
437 2538 534 2577 rumor
558 2515 616 2595 jam
645 2538 744 2576 raucus
771 2520 826 2577 erit
850 2514 963 2593 stadius,

280 2593 317 2653 ad
347 2595 428 2656 Baias
454 2601 563 2659 venire.
587 2595 649 2657 Erit
677 2600 755 2656 enim
783 2597 869 2657 nobis
901 2598 961 2658 ho·

280 2672 405 2750 nesius,
427 2679 515 2736 etiam
533 2699 622 2757 quum
641 2677 707 2736 hinc
730 2671 963 2752 discesserimus,

273 2756 373 2817 'videri
394 2756 499 2819 venisse
520 2759 550 2816 in
577 2760 624 2817 illa
644 2758 710 2817 loca
730 2758 877 2836 ploratum
901 2781 961 2839 po·

281 2838 359 2909 riba,
378 2836 463 2917 quam
485 2855 622 2899 natatum.
641 2838 699 2898 Sed
714 2838 775 2897 haec
794 2857 826 2899 tu
847 2841 962 2901 melius.

282 2913 380 2977 Modo
404 2918 486 2977 nobis
508 2916 561 2978 stet
586 2918 684 2991 illud,
715 2919 772 2978 und
800 2922 903 2980 vivere
930 2922 960 2981 iu

278 2992 375 3059 studiis
398 2997 523 3072 nostris3
555 2999 694 3080 aquibus
720 3015 806 3062 antea
829 2996 963 3068 deleth„
