2184 3975
199 531 278 598 '200
350 521 768 592 Bursaonum--

160 620 167 629 ’
200 634 339 717 debere,
366 652 503 717 quantum
532 632 617 695 status
635 635 695 717 ipse
714 633 824 713 nostrae
838 636 883 696 ci·¹

109 747 119 771 ·.
200 716 319 789 vitatiS,
342 715 373 775 &
397 715 458 776 haec
499 715 603 777 rolatio
626 733 792 798 temporum
815 738 882 796 per·

193 794 331 856 dirorum
345 817 354 868 ;
371 817 461 936 quum
478 739 638 857 beatissimi
652 799 728 872 sint,
743 800 793 878 qui
811 797 882 859 libe·

203 897 252 936 ros
265 896 326 936 non
339 876 369 935 su
382 894 536 958 ceperunt,
552 877 645 936 minbs
660 893 757 941 autern
771 877 882 954 miseri,

203 960 253 1038 qui
275 956 318 1016 his
339 958 517 1038 temporibus
539 957 722 1030 amiserunt,
752 959 883 1038 quamsi

202 1036 324 1098 eosdem
343 1037 444 1110 hond,
470 1056 520 1098 aut
538 1037 661 1117 denique
684 1037 780 1118 aliquit
796 1059 884 1120 repu-

202 1118 279 1178 blica
295 1117 488 1198 perdidiffent.
506 1117 601 1198 Qubd
617 1121 640 1179 si
656 1136 737 1178 tuum
754 1137 784 1180 te
806 1121 884 1181 desis

202 1199 317 1259 derium
335 1218 458 1273 movet,
480 1218 528 1260 aut
544 1201 568 1258 si
584 1216 696 1259 tuarum
714 1216 812 1260 rerum
832 1221 884 1261 co⁶

203 1281 345 1362 gitatione
374 1300 481 1340 moeres
501 1283 604 1355 ,non
630 1279 714 1339 facile
742 1279 885 1342 exhauriri

201 1362 257 1420 tibi
271 1357 355 1421 illurn
374 1361 508 1421 dolorem
523 1359 604 1441 polle
615 1357 779 1421 universum
793 1378 884 1442 puto:

203 1443 249 1501 rin
266 1441 315 1501 illa
332 1460 362 1503 te
380 1462 426 1501 res
444 1443 571 1513 cnrciat,
588 1462 651 1520 quae
670 1444 762 1523 magis
779 1445 885 1503 amoris

206 1520 269 1594 est,
289 1540 458 1597 uteorum,
480 1525 529 1603 qui
546 1522 738 1597 occiderunt,
759 1523 884 1584 miserias

205 1602 323 1685 lugeas3
342 1625 376 1664 ea
394 1626 454 1663 non
470 1603 586 1676 dicam,
603 1624 667 1682 quae
682 1601 838 1682 saepissime
852 1604 885 1664 dt

202 1683 266 1765 legi
286 1684 319 1743 &
335 1686 455 1758 audivi,
474 1683 543 1744 nihil
562 1685 631 1742 mali
649 1681 705 1744 effe
721 1685 752 1741 in
769 1701 885 1759 morte,

206 1765 237 1824 in
265 1786 322 1844 qua
342 1768 366 1825 si
393 1765 516 1826 resideat
540 1763 657 1839 sensus,
685 1765 886 1826 immortalitas

203 1845 255 1904 -illa
271 1847 388 1924 potihs,
410 1845 496 1926 qu⁸am
514 1864 593 1907 mors
611 1845 742 1904 ducenda
762 1848 820 1918 sit;
842 1848 885 1906 sin

207 1927 244 1986 sit
262 1924 392 1999 amillus,
412 1927 489 1984 nulla
505 1925 599 1987 videri
618 1925 730 1986 miseria
754 1925 884 2004 debeat,

203 2026 274 2087 quae
296 2028 356 2068 non
375 2006 525 2067 sentiatur:
554 2006 727 2067 hortamen
747 2028 809 2067 non
832 2009 886 2068 du·

203 2084 310 2147 bitans'
331 2086 500 2148 confirmare
527 2086 640 2169 poffum
660 2133 670 2163 ,
693 2109 728 2148 ea
747 2088 886 2162 misceri,

207 2169 322 2248 parari,
347 2169 516 2249 impendere
537 2170 725 2250 reipublicae,
750 2190 814 2250 quae
833 2214 835 2218 -
857 2173 887 2231 ui

206 2248 372 2328 reliquerit,
397 2250 476 2311 nullo
493 2251 585 2310 modo
606 2251 676 2309 mihi
713 2252 813 2310 uidem
835 2191 858 2310 d

209 2346 308 2409 ceptus
328 2328 383 2391 esse
402 2332 542 2392 videatur.
574 2330 656 2409 Quid
674 2271 714 2390 ed
731 2332 811 2390 enim
829 2327 888 2408 jam

207 2430 269 2469 non
296 2411 388 2470 modb
411 2412 545 2492 pudori,
574 2411 736 2491 probitati,
757 2413 887 2487 virtuti,

210 2489 293 2549 redis
309 2488 427 2562 studiis,
448 2494 533 2553 bonis
554 2494 681 2567 artibus,
698 2490 747 2551 sed
766 2494 887 2551 omnino

209 2571 337 2630 libertati
354 2595 385 2633 ac
401 2572 482 2634 saluti
500 2572 582 2634 loci?
602 2571 691 2644 Non,
705 2572 887 2643 mehercule,

190 2684 192 2691 ι
210 2671 383 2733 quemquam
401 2655 502 2716 audivi
515 2654 574 2714 hoc
593 2655 763 2735 gravissimo
781 2652 814 2711 &
827 2652 889 2733 pef-

208 2733 389 2795 tilentissimo
403 2756 479 2795 anno
494 2733 739 2793 adolescentulum
751 2748 800 2792 aut
815 2752 888 2813 pue·

209 2836 274 2874 rutn
295 2818 460 2887 mortuum,
477 2817 525 2893 qui
545 2812 615 2873 mihi
637 2835 698 2871 non
722 2836 739 2873 a
758 2813 813 2872 diis
831 2816 887 2871 im·

210 2896 378 2955 mortalibus
400 2912 513 2974 ereptus
530 2913 567 2951 ex
586 2894 629 2952 his
643 2893 780 2966 miseriis,
801 2912 888 2974 atque

211 2994 247 3034 ex
269 2978 444 3057 iniquissima
458 2973 624 3033 conditione
644 2977 713 3032 vitae
729 2973 889 3034 videretur.

208 3052 337 3133 Quare,
354 3059 380 3119 si
395 3057 447 3118 tibi
466 3075 556 3118 unum
574 3054 631 3117 hoc
651 3054 760 3121 detrahi
776 3052 891 3138 potest,
