2184 3975
297 455 368 526 An
380 447 606 527 urrinni.
622 457 768 526 Lim-V.
809 472 884 548 177

197 570 368 645 ostendisti3
380 586 517 653 quantam
533 589 593 651 ego
600 567 716 650 semper
728 571 885 646 omnibus=3
924 582 929 590 '

199 674 230 715 te
251 675 309 715 uno
329 652 419 714 fretus
432 697 443 726 ,
458 650 626 733 pollicebar.
643 649 702 712 Sed
718 653 775 712 hoc
794 651 885 727 scitor

198 754 266 796 tuos
285 751 404 798 veteres
424 732 541 806 hostes,
563 752 659 792 novos
676 736 807 807 amicos,
828 755 884 797 vc·

198 815 353 878 hemenrer
363 816 466 876 'litteris
485 810 654 893 perculsos,
670 827 754 894 arqu'e
773 820 809 873 e'x
824 810 884 874 mi:

220 918 258 956 na
277 897 327 978 spe
349 895 515 957 deturbatos
534 892 639 971 jacere.
657 894 707 954 Ad
722 915 769 955 me
787 913 883 972 autern

199 919 310 1038 iirteras
330 998 401 1058 quas
423 973 539 1049 misisti,
559 995 734 1056 quamquam
752 979 885 1058 exiguam

200 1057 445 1141 significationem
472 1074 527 1117 tuae
555 1075 626 1138 erga
650 1078 698 1118 me
728 1058 887 1119 voluntatis

200 1140 377 1212 habebant,
409 1156 507 1198 tamen
532 1137 610 1205 ¹mihi
644 1136 716 1198 scito
743 1136 885 1216 jucundas

200 1215 283 1281 fuiffe
305 1240 312 1279 ι
341 1219 419 1279 nulli
437 1221 515 1279 enim
533 1238 565 1278 re
585 1235 644 1295 tam
665 1221 754 1280 laetari
776 1219 888 1296 soleo,

201 1301 293 1383 quim
321 1320 457 1360 meorum
489 1296 652 1358 officiomm
679 1300 887 1376 consciendi,

202 1380 310 1464 quibus
334 1384 359 1441 si
385 1380 502 1462 quando
524 1401 585 1439 non
606 1383 705 1441 mutue
724 1380 888 1463 responde-

203 1482 270 1536 tur,
286 1461 366 1543 apud
381 1482 428 1522 me
446 1461 510 1542 plus
527 1459 615 1520 officii
636 1463 761 1523 residere
783 1463 887 1523 facilli·

202 1545 252 1604 me
273 1546 377 1625 patior.
397 1541 471 1603 lllud
489 1563 549 1602 non
568 1540 669 1602 dubito
689 1588 698 1617 ‚
724 1545 794 1624 quin
813 1546 837 1603 si
855 1561 887 1606 te

200 1644 272 1685 mea
293 1623 405 1685 summa
428 1643 497 1706 erga
521 1640 550 1683 te
575 1621 666 1683 studia
689 1645 792 1706 parum
817 1624 889 1686 mihi

203 1703 422 1784 adjunxerint,
457 1703 617 1784 respublica
646 1725 700 1766 nos
728 1707 803 1765 inter
834 1722 889 1766 nos

205 1786 394 1847 conciliatura
414 1783 666 1866 coniuncturaque
697 1787 744 1846 sit.
776 1787 823 1845 Ac
851 1804 890 1853 ne

205 1869 349 1951 ignores,
370 1866 439 1947 quid
457 1886 513 1949 ego
533 1868 563 1927 in
584 1870 640 1927 ruis
658 1868 758 1928 litteris
778 1867 892 1930 deside»

205 1951 318 2025 ratim,
333 1948 453 2009 scribam
471 1949 592 2028 aperte,
612 1951 685 2009 sicut
701 1949 732 2009 &
748 1969 815 2010 mea
833 1970 891 2011 na·-

209 2049 296 2105 tura‚
315 2032 349 2092 &
366 2028 461 2091 nostra
479 2030 604 2089 amicitia
620 2029 752 2111 postulat.
767 2030 826 2091 Res
842 2053 891 2093 eas

209 2114 316 2254 gessi,
346 2131 466 2193 quarum
484 2111 609 2191 aliquam
632 2115 662 2171 in
686 2115 742 2172 tuis
760 2114 862 2173 litteris
881 2156 892 2188 ‚

273 2190 379 2253 nostrae
410 2192 629 2252 necessitudinis
664 2193 695 2252 &
727 2194 893 2274 reipublicae
989 2227 991 2232 ⁴

209 2274 320 2348 causd,
351 2272 571 2355 gratulationem
589 2271 751 2356 exspectavi
770 2297 780 2346 3
804 2294 892 2357 quam

212 2376 268 2438 ego
294 2354 399 2414 abste
425 2352 639 2433 praetermiisam
661 2354 717 2415 effe
741 2357 863 2417 arbitror
883 2401 903 2432 ,.

212 2435 292 2517 qubd
313 2453 473 2508 vererere,
491 2454 529 2495 ne
549 2433 629 2513 cujus
649 2437 776 2496 animum
797 2435 895 2499 offen-

216 2516 309 2578 deres.
329 2514 389 2578 Sed
405 2507 475 2576 scito
491 2535 549 2588 ea,
576 2535 640 2595 quae
658 2538 713 2575 nos
729 2538 786 2605 pro
807 2517 895 2581 salute

207 2600 313 2678 ,pattiae
334 2598 475 2679 gessimus
494 2641 504 2671 ,
529 2597 608 2656 orbis
626 2615 709 2658 terrae
728 2598 836 2676 judicio
852 2622 896 2660 ac

209 2676 380 2739 testimonio
401 2677 595 2759 comprobari.
616 2677 715 2757 Quae,
734 2702 822 2760 quum
842 2700 897 2741 ve-

218 2760 316 2833 neris,
347 2773 430 2819 tanto
457 2758 612 2834 consilio,
642 2760 779 2843 tantique
809 2764 897 2822 animi

219 2838 417 2922 magnitudine
440 2860 458 2898 a
476 2857 523 2899 me
546 2839 624 2921 gessa
639 2838 695 2901 effe
712 2863 747 2903 co
770 2842 870 2901 nosces
888 2883 899 2915 ,

219 2936 249 2979 ut
274 2919 329 2981 tibi
358 2918 453 2981 multo
476 2917 609 2999 majori,
633 2922 719 3003 quim
745 2863 898 2982 isticanus

214 2998 293 3082 init,
307 3019 357 3066 me
373 3021 436 3081 non
451 3001 546 3068 multo
559 3004 703 3068 minorem
711 3003 824 3145 ‚Hquam
840 3001 901 3076 Laef

762 3104 783 3147 V
