<?xml version="1.0" encoding="UTF-8"?>
<!DOCTYPE html PUBLIC "-//W3C//DTD XHTML 1.0 Transitional//EN"
    "http://www.w3.org/TR/xhtml1/DTD/xhtml1-transitional.dtd">
<html xmlns="http://www.w3.org/1999/xhtml" xml:lang="en" lang="en">
 <head>
  <title>
</title>
<meta http-equiv="Content-Type" content="text/html;charset=utf-8" />
  <meta name='ocr-system' content='tesseract 3.04.00' />
  <meta name='ocr-capabilities' content='ocr_page ocr_carea ocr_par ocr_line ocrx_word'/>
</head>
<body>
  <div class='ocr_page' id='page_1' title='image "./mtulliiciceroni07lallgoog_0359.png"; bbox 0 0 2184 3975; ppageno 0'>
   <div class='ocr_carea' id='block_1_1' title="bbox 278 478 882 574">
    <p class='ocr_par' dir='ltr' id='par_1_1' title="bbox 278 478 882 574">
     <span class='ocr_line' id='line_1_1' title="bbox 278 478 882 574; baseline 0.005 -25"><span class='ocrx_word' id='word_1_1' title='bbox 278 479 348 549; x_wconf 75' lang='lat' dir='ltr'>Aa&gt;</span> <span class='ocrx_word' id='word_1_2' title='bbox 359 478 582 550; x_wconf 66' lang='lat' dir='ltr'>anrzun.</span> <span class='ocrx_word' id='word_1_3' title='bbox 596 482 685 550; x_wconf 73' lang='lat' dir='ltr'>Lm.</span> <span class='ocrx_word' id='word_1_4' title='bbox 698 478 766 548; x_wconf 84' lang='lat' dir='ltr'>IX.</span> <span class='ocrx_word' id='word_1_5' title='bbox 812 478 882 574; x_wconf 82' lang='lat'>361</span> 
     </span>
    </p>
   </div>
   <div class='ocr_carea' id='block_1_2' title="bbox 199 591 900 3245">
    <p class='ocr_par' dir='ltr' id='par_1_2' title="bbox 199 591 900 3245">
     <span class='ocr_line' id='line_1_2' title="bbox 199 591 888 667; baseline 0.003 -14"><span class='ocrx_word' id='word_1_6' title='bbox 199 611 254 653; x_wconf 84' lang='lat' dir='ltr'>me</span> <span class='ocrx_word' id='word_1_7' title='bbox 275 592 334 652; x_wconf 81' lang='lat' dir='ltr'>istis</span> <span class='ocrx_word' id='word_1_8' title='bbox 355 591 411 653; x_wconf 82' lang='lat' dir='ltr'>effe</span> <span class='ocrx_word' id='word_1_9' title='bbox 431 591 624 667; x_wconf 83' lang='lat' dir='ltr'><strong>familiarem,</strong></span> <span class='ocrx_word' id='word_1_10' title='bbox 641 596 672 655; x_wconf 74' lang='grc' dir='ltr'>ὃ(</span> <span class='ocrx_word' id='word_1_11' title='bbox 690 596 815 655; x_wconf 87' lang='lat' dir='ltr'>consiliis</span> <span class='ocrx_word' id='word_1_12' title='bbox 832 616 888 656; x_wconf 89' lang='lat' dir='ltr'>eo·</span> 
     </span>
     <span class='ocr_line' id='line_1_3' title="bbox 200 670 889 753; baseline 0.007 -20"><span class='ocrx_word' id='word_1_13' title='bbox 200 693 270 733; x_wconf 77' lang='lat' dir='ltr'>rum</span> <span class='ocrx_word' id='word_1_14' title='bbox 288 670 440 734; x_wconf 63' lang='lat' dir='ltr'>interesse:</span> <span class='ocrx_word' id='word_1_15' title='bbox 458 674 568 753; x_wconf 86' lang='lat' dir='ltr'>quode</span> <span class='ocrx_word' id='word_1_16' title='bbox 588 697 607 734; x_wconf 93' lang='lat' dir='ltr'>o</span> <span class='ocrx_word' id='word_1_17' title='bbox 623 696 673 736; x_wconf 82' lang='lat' dir='ltr'>tur</span> <span class='ocrx_word' id='word_1_18' title='bbox 688 675 800 750; x_wconf 77' lang='lat' dir='ltr'>noiim,</span> <span class='ocrx_word' id='word_1_19' title='bbox 815 673 889 738; x_wconf 82' lang='lat' dir='ltr'>nihil</span> 
     </span>
     <span class='ocr_line' id='line_1_4' title="bbox 202 695 887 836; baseline 0.004 -22"><span class='ocrx_word' id='word_1_20' title='bbox 202 753 305 815; x_wconf 85' lang='lat' dir='ltr'>video.</span> <span class='ocrx_word' id='word_1_21' title='bbox 327 751 397 814; x_wconf 92' lang='lat' dir='ltr'>Non</span> <span class='ocrx_word' id='word_1_22' title='bbox 408 755 487 814; x_wconf 88' lang='lat' dir='ltr'>enim</span> <span class='ocrx_word' id='word_1_23' title='bbox 496 752 540 815; x_wconf 87' lang='lat' dir='ltr'>est</span> <span class='ocrx_word' id='word_1_24' title='bbox 559 695 658 830; x_wconf 56' lang='grc' dir='ltr'>ἱὲειη,</span> <span class='ocrx_word' id='word_1_25' title='bbox 678 753 806 828; x_wconf 83' lang='lat' dir='ltr'>ferre,si</span> <span class='ocrx_word' id='word_1_26' title='bbox 816 756 887 836; x_wconf 84' lang='lat' dir='ltr'>quid</span> 
     </span>
     <span class='ocr_line' id='line_1_5' title="bbox 202 831 888 916; baseline 0.006 -24"><span class='ocrx_word' id='word_1_27' title='bbox 202 831 359 896; x_wconf 85' lang='lat' dir='ltr'>ferendum</span> <span class='ocrx_word' id='word_1_28' title='bbox 369 831 434 908; x_wconf 83' lang='lat' dir='ltr'>est,</span> <span class='ocrx_word' id='word_1_29' title='bbox 451 835 483 894; x_wconf 89' lang='lat'><strong>&amp;</strong></span> <span class='ocrx_word' id='word_1_30' title='bbox 494 835 635 914; x_wconf 82' lang='lat' dir='ltr'>probare,</span> <span class='ocrx_word' id='word_1_31' title='bbox 649 838 672 895; x_wconf 90' lang='lat' dir='ltr'>si</span> <span class='ocrx_word' id='word_1_32' title='bbox 682 836 750 914; x_wconf 88' lang='lat' dir='ltr'>quid</span> <span class='ocrx_word' id='word_1_33' title='bbox 759 836 888 916; x_wconf 89' lang='lat' dir='ltr'>proban-</span> 
     </span>
     <span class='ocr_line' id='line_1_6' title="bbox 204 909 889 996; baseline 0.004 -22"><span class='ocrx_word' id='word_1_34' title='bbox 204 914 278 974; x_wconf 82' lang='lat' dir='ltr'>dum</span> <span class='ocrx_word' id='word_1_35' title='bbox 309 935 371 976; x_wconf 90' lang='lat' dir='ltr'>non</span> <span class='ocrx_word' id='word_1_36' title='bbox 397 909 447 975; x_wconf 81' lang='lat' dir='ltr'>est.</span> <span class='ocrx_word' id='word_1_37' title='bbox 469 912 553 990; x_wconf 83' lang='lat' dir='ltr'>Etsi,</span> <span class='ocrx_word' id='word_1_38' title='bbox 583 916 653 996; x_wconf 89' lang='lat' dir='ltr'>quid</span> <span class='ocrx_word' id='word_1_39' title='bbox 679 935 741 982; x_wconf 87' lang='lat' dir='ltr'>non</span> <span class='ocrx_word' id='word_1_40' title='bbox 764 915 889 996; x_wconf 86' lang='lat' dir='ltr'>probem</span> 
     </span>
     <span class='ocr_line' id='line_1_7' title="bbox 205 992 887 1077; baseline 0.001 -22"><span class='ocrx_word' id='word_1_41' title='bbox 205 995 328 1077; x_wconf 86' lang='lat' dir='ltr'>quidem</span> <span class='ocrx_word' id='word_1_42' title='bbox 348 1040 359 1070; x_wconf 89' lang='lat'><strong>,</strong></span> <span class='ocrx_word' id='word_1_43' title='bbox 386 992 511 1068; x_wconf 79' lang='lat' dir='ltr'>nescio,</span> <span class='ocrx_word' id='word_1_44' title='bbox 535 1013 640 1077; x_wconf 86' lang='lat' dir='ltr'>praeter</span> <span class='ocrx_word' id='word_1_45' title='bbox 660 996 741 1057; x_wconf 88' lang='lat' dir='ltr'>initia</span> <span class='ocrx_word' id='word_1_46' title='bbox 758 1016 855 1056; x_wconf 79' lang='lat' dir='ltr'>rerum</span> <span class='ocrx_word' id='word_1_47' title='bbox 877 1017 887 1056; x_wconf 77' lang='lat' dir='ltr'>a</span> 
     </span>
     <span class='ocr_line' id='line_1_8' title="bbox 204 1075 891 1138; baseline 0.006 -4"><span class='ocrx_word' id='word_1_48' title='bbox 204 1096 276 1135; x_wconf 89' lang='lat' dir='ltr'>nam</span> <span class='ocrx_word' id='word_1_49' title='bbox 289 1076 352 1135; x_wconf 83' lang='lat' dir='ltr'>haec</span> <span class='ocrx_word' id='word_1_50' title='bbox 366 1075 397 1135; x_wconf 75' lang='lat' dir='ltr'>in</span> <span class='ocrx_word' id='word_1_51' title='bbox 412 1075 564 1137; x_wconf 81' lang='lat' dir='ltr'>voluntate</span> <span class='ocrx_word' id='word_1_52' title='bbox 581 1075 706 1138; x_wconf 70' lang='lat' dir='ltr'>filerunt.</span> <span class='ocrx_word' id='word_1_53' title='bbox 725 1076 798 1136; x_wconf 86' lang='lat' dir='ltr'>Vidi</span> <span class='ocrx_word' id='word_1_54' title='bbox 810 1078 891 1138; x_wconf 87' lang='lat' dir='ltr'>enirn</span> 
     </span>
     <span class='ocr_line' id='line_1_9' title="bbox 208 1154 892 1238; baseline 0.004 -23"><span class='ocrx_word' id='word_1_55' title='bbox 208 1154 225 1237; x_wconf 83' lang='lat'>(</span> <span class='ocrx_word' id='word_1_56' title='bbox 241 1177 311 1216; x_wconf 89' lang='lat' dir='ltr'>nam</span> <span class='ocrx_word' id='word_1_57' title='bbox 327 1173 359 1216; x_wconf 85' lang='lat' dir='ltr'>tu</span> <span class='ocrx_word' id='word_1_58' title='bbox 374 1155 473 1216; x_wconf 84' lang='lat' dir='ltr'>aberas</span> <span class='ocrx_word' id='word_1_59' title='bbox 492 1159 505 1237; x_wconf 91' lang='lat'>)</span> <span class='ocrx_word' id='word_1_60' title='bbox 520 1154 634 1217; x_wconf 84' lang='lat' dir='ltr'>nostros</span> <span class='ocrx_word' id='word_1_61' title='bbox 654 1159 763 1218; x_wconf 84' lang='lat' dir='ltr'>amicos</span> <span class='ocrx_word' id='word_1_62' title='bbox 781 1159 892 1238; x_wconf 78' lang='lat' dir='ltr'>cupere</span> 
     </span>
     <span class='ocr_line' id='line_1_10' title="bbox 206 1234 888 1318; baseline 0.003 -21"><span class='ocrx_word' id='word_1_63' title='bbox 206 1235 319 1297; x_wconf 83' lang='lat' dir='ltr'>bellum</span> <span class='ocrx_word' id='word_1_64' title='bbox 339 1256 349 1308; x_wconf 89' lang='lat'>;</span> <span class='ocrx_word' id='word_1_65' title='bbox 375 1234 451 1296; x_wconf 78' lang='lat' dir='ltr'>h&#39;unc</span> <span class='ocrx_word' id='word_1_66' title='bbox 472 1255 569 1297; x_wconf 90' lang='lat' dir='ltr'>autem</span> <span class='ocrx_word' id='word_1_67' title='bbox 588 1259 649 1297; x_wconf 93' lang='lat' dir='ltr'>non</span> <span class='ocrx_word' id='word_1_68' title='bbox 669 1254 731 1297; x_wconf 80' lang='lat' dir='ltr'>ram</span> <span class='ocrx_word' id='word_1_69' title='bbox 751 1258 856 1318; x_wconf 88' lang='lat' dir='ltr'>cupere</span> <span class='ocrx_word' id='word_1_70' title='bbox 877 1284 888 1314; x_wconf 87' lang='lat'>,</span> 
     </span>
     <span class='ocr_line' id='line_1_11' title="bbox 208 1315 891 1399; baseline 0.004 -22"><span class='ocrx_word' id='word_1_71' title='bbox 208 1316 297 1398; x_wconf 66' lang='lat' dir='ltr'>qnam</span> <span class='ocrx_word' id='word_1_72' title='bbox 317 1337 377 1376; x_wconf 86' lang='lat' dir='ltr'>non</span> <span class='ocrx_word' id='word_1_73' title='bbox 391 1318 503 1378; x_wconf 86' lang='lat' dir='ltr'>timere.</span> <span class='ocrx_word' id='word_1_74' title='bbox 523 1315 603 1399; x_wconf 85' lang='lat' dir='ltr'>Ergo</span> <span class='ocrx_word' id='word_1_75' title='bbox 615 1318 678 1377; x_wconf 88' lang='lat' dir='ltr'>haec</span> <span class='ocrx_word' id='word_1_76' title='bbox 694 1318 807 1378; x_wconf 83' lang='lat' dir='ltr'>consilii</span> <span class='ocrx_word' id='word_1_77' title='bbox 823 1318 891 1384; x_wconf 76' lang='lat' dir='ltr'>fue-J</span> 
     </span>
     <span class='ocr_line' id='line_1_12' title="bbox 207 1395 890 1478; baseline 0.004 -22"><span class='ocrx_word' id='word_1_78' title='bbox 207 1415 276 1457; x_wconf 88' lang='lat' dir='ltr'>runt</span> <span class='ocrx_word' id='word_1_79' title='bbox 296 1417 303 1457; x_wconf 73' lang='grc' dir='ltr'><strong>ε</strong></span> <span class='ocrx_word' id='word_1_80' title='bbox 325 1396 435 1478; x_wconf 90' lang='lat' dir='ltr'>reliqua</span> <span class='ocrx_word' id='word_1_81' title='bbox 454 1395 617 1459; x_wconf 78' lang='lat' dir='ltr'>necessaria.</span> <span class='ocrx_word' id='word_1_82' title='bbox 643 1396 771 1458; x_wconf 81' lang='lat' dir='ltr'>Vincere</span> <span class='ocrx_word' id='word_1_83' title='bbox 792 1414 890 1470; x_wconf 81' lang='lat' dir='ltr'>autem</span> 
     </span>
     <span class='ocr_line' id='line_1_13' title="bbox 207 1474 890 1552; baseline 0.001 -16"><span class='ocrx_word' id='word_1_84' title='bbox 207 1495 259 1538; x_wconf 84' lang='lat' dir='ltr'>aut</span> <span class='ocrx_word' id='word_1_85' title='bbox 286 1477 340 1538; x_wconf 87' lang='lat' dir='ltr'>hos</span> <span class='ocrx_word' id='word_1_86' title='bbox 355 1520 367 1552; x_wconf 78' lang='grc'><em>,</em></span> <span class='ocrx_word' id='word_1_87' title='bbox 385 1494 433 1537; x_wconf 88' lang='lat' dir='ltr'>aut</span> <span class='ocrx_word' id='word_1_88' title='bbox 451 1478 518 1538; x_wconf 89' lang='lat' dir='ltr'>illos</span> <span class='ocrx_word' id='word_1_89' title='bbox 544 1474 657 1539; x_wconf 81' lang='lat' dir='ltr'>necesse</span> <span class='ocrx_word' id='word_1_90' title='bbox 680 1475 746 1538; x_wconf 82' lang='lat' dir='ltr'>ess&#39;e.</span> <span class='ocrx_word' id='word_1_91' title='bbox 768 1476 835 1538; x_wconf 88' lang='lat' dir='ltr'>Scio</span> <span class='ocrx_word' id='word_1_92' title='bbox 858 1482 890 1545; x_wconf 56' lang='grc' dir='ltr'>τε</span> 
     </span>
     <span class='ocr_line' id='line_1_14' title="bbox 207 1555 891 1639; baseline -0.001 -21"><span class='ocrx_word' id='word_1_93' title='bbox 207 1557 324 1636; x_wconf 79' lang='lat' dir='ltr'>semper</span> <span class='ocrx_word' id='word_1_94' title='bbox 340 1577 454 1618; x_wconf 90' lang='lat' dir='ltr'>mecum</span> <span class='ocrx_word' id='word_1_95' title='bbox 471 1560 502 1618; x_wconf 91' lang='lat' dir='ltr'>in</span> <span class='ocrx_word' id='word_1_96' title='bbox 521 1558 596 1618; x_wconf 66' lang='lat' dir='ltr'>luciu</span> <span class='ocrx_word' id='word_1_97' title='bbox 616 1555 718 1632; x_wconf 83' lang='lat' dir='ltr'>fuiffe,</span> <span class='ocrx_word' id='word_1_98' title='bbox 737 1578 826 1639; x_wconf 90' lang='lat' dir='ltr'>quum</span> <span class='ocrx_word' id='word_1_99' title='bbox 845 1561 891 1633; x_wconf 56' lang='lat' dir='ltr'>vif</span> 
     </span>
     <span class='ocr_line' id='line_1_15' title="bbox 208 1637 893 1722; baseline 0 -24"><span class='ocrx_word' id='word_1_100' title='bbox 208 1637 369 1712; x_wconf 74' lang='lat' dir='ltr'>deremus,</span> <span class='ocrx_word' id='word_1_101' title='bbox 394 1639 482 1720; x_wconf 71' lang='lat' dir='ltr'>quim</span> <span class='ocrx_word' id='word_1_102' title='bbox 501 1639 573 1699; x_wconf 85' lang='lat' dir='ltr'>illud</span> <span class='ocrx_word' id='word_1_103' title='bbox 595 1641 695 1722; x_wconf 86' lang='lat' dir='ltr'>ingens</span> <span class='ocrx_word' id='word_1_104' title='bbox 719 1638 828 1698; x_wconf 89' lang='lat' dir='ltr'>malurn</span> <span class='ocrx_word' id='word_1_105' title='bbox 847 1638 893 1698; x_wconf 87' lang='lat' dir='ltr'>al-</span> 
     </span>
     <span class='ocr_line' id='line_1_16' title="bbox 208 1718 890 1784; baseline -0.006 -3"><span class='ocrx_word' id='word_1_106' title='bbox 208 1720 299 1781; x_wconf 79' lang='lat' dir='ltr'>aerius</span> <span class='ocrx_word' id='word_1_107' title='bbox 314 1721 402 1780; x_wconf 83' lang='lat' dir='ltr'>utrius</span> <span class='ocrx_word' id='word_1_108' title='bbox 420 1718 561 1780; x_wconf 76' lang='lat' dir='ltr'>exercitiis</span> <span class='ocrx_word' id='word_1_109' title='bbox 581 1720 614 1781; x_wconf 90' lang='lat'>&amp;</span> <span class='ocrx_word' id='word_1_110' title='bbox 631 1720 736 1780; x_wconf 90' lang='lat' dir='ltr'>ducum</span> <span class='ocrx_word' id='word_1_111' title='bbox 751 1720 890 1784; x_wconf 82' lang='lat' dir='ltr'>interitu:</span> 
     </span>
     <span class='ocr_line' id='line_1_17' title="bbox 205 1799 891 1869; baseline 0 -10"><span class='ocrx_word' id='word_1_112' title='bbox 205 1816 275 1869; x_wconf 69' lang='lat' dir='ltr'>¹aum</span> <span class='ocrx_word' id='word_1_113' title='bbox 297 1799 370 1861; x_wconf 73' lang='lat' dir='ltr'>verb</span> <span class='ocrx_word' id='word_1_114' title='bbox 402 1819 564 1861; x_wconf 85' lang='lat' dir='ltr'>extremum</span> <span class='ocrx_word' id='word_1_115' title='bbox 587 1800 733 1860; x_wconf 83' lang='lat' dir='ltr'>malorum</span> <span class='ocrx_word' id='word_1_116' title='bbox 754 1799 891 1860; x_wconf 83' lang='lat' dir='ltr'>omnium</span> 
     </span>
     <span class='ocr_line' id='line_1_18' title="bbox 208 1878 891 1962; baseline -0.003 -21"><span class='ocrx_word' id='word_1_117' title='bbox 208 1878 269 1941; x_wconf 78' lang='lat' dir='ltr'>effe</span> <span class='ocrx_word' id='word_1_118' title='bbox 284 1880 380 1940; x_wconf 87' lang='lat' dir='ltr'>civilis</span> <span class='ocrx_word' id='word_1_119' title='bbox 398 1880 469 1941; x_wconf 90' lang='lat' dir='ltr'>belli</span> <span class='ocrx_word' id='word_1_120' title='bbox 480 1880 653 1954; x_wconf 67' lang='lat' dir='ltr'>viiioriam3</span> <span class='ocrx_word' id='word_1_121' title='bbox 671 1901 758 1962; x_wconf 89' lang='lat' dir='ltr'>quam</span> <span class='ocrx_word' id='word_1_122' title='bbox 772 1881 891 1962; x_wconf 87' lang='lat' dir='ltr'>quidem</span> 
     </span>
     <span class='ocr_line' id='line_1_19' title="bbox 210 1960 892 2044; baseline -0.003 -21"><span class='ocrx_word' id='word_1_123' title='bbox 210 1980 271 2044; x_wconf 79' lang='lat' dir='ltr'>ego</span> <span class='ocrx_word' id='word_1_124' title='bbox 287 1962 374 2028; x_wconf 86' lang='lat' dir='ltr'>etiam</span> <span class='ocrx_word' id='word_1_125' title='bbox 387 1960 504 2021; x_wconf 83' lang='lat' dir='ltr'>illorum</span> <span class='ocrx_word' id='word_1_126' title='bbox 517 1962 655 2023; x_wconf 85' lang='lat' dir='ltr'>timebam</span> <span class='ocrx_word' id='word_1_127' title='bbox 668 2008 678 2036; x_wconf 91' lang='lat'>‚</span> <span class='ocrx_word' id='word_1_128' title='bbox 695 1962 732 2022; x_wconf 82' lang='lat' dir='ltr'>ad</span> <span class='ocrx_word' id='word_1_129' title='bbox 748 1982 822 2042; x_wconf 85' lang='lat' dir='ltr'>quos</span> <span class='ocrx_word' id='word_1_130' title='bbox 834 1963 892 2034; x_wconf 77' lang='lat' dir='ltr'>ve]-</span> 
     </span>
     <span class='ocr_line' id='line_1_20' title="bbox 210 2043 892 2104; baseline -0.001 -2"><span class='ocrx_word' id='word_1_131' title='bbox 210 2062 368 2104; x_wconf 79' lang='lat' dir='ltr'>necamus:</span> <span class='ocrx_word' id='word_1_132' title='bbox 400 2043 554 2103; x_wconf 86' lang='lat' dir='ltr'>crudeliter</span> <span class='ocrx_word' id='word_1_133' title='bbox 571 2045 648 2103; x_wconf 87' lang='lat' dir='ltr'>enim</span> <span class='ocrx_word' id='word_1_134' title='bbox 670 2044 772 2102; x_wconf 87' lang='lat' dir='ltr'>otiosis</span> <span class='ocrx_word' id='word_1_135' title='bbox 795 2045 892 2101; x_wconf 89' lang='lat' dir='ltr'>mina-</span> 
     </span>
     <span class='ocr_line' id='line_1_21' title="bbox 208 2120 893 2205; baseline -0.004 -23"><span class='ocrx_word' id='word_1_136' title='bbox 208 2123 337 2195; x_wconf 79' lang='lat' dir='ltr'>bantur3</span> <span class='ocrx_word' id='word_1_137' title='bbox 362 2139 480 2205; x_wconf 84' lang='lat' dir='ltr'>eratque</span> <span class='ocrx_word' id='word_1_138' title='bbox 501 2126 535 2184; x_wconf 90' lang='lat' dir='ltr'>iis</span> <span class='ocrx_word' id='word_1_139' title='bbox 556 2123 589 2182; x_wconf 91' lang='lat'>&amp;</span> <span class='ocrx_word' id='word_1_140' title='bbox 609 2141 656 2183; x_wconf 88' lang='lat' dir='ltr'>tua</span> <span class='ocrx_word' id='word_1_141' title='bbox 674 2120 764 2182; x_wconf 87' lang='lat' dir='ltr'>invisa</span> <span class='ocrx_word' id='word_1_142' title='bbox 780 2122 893 2195; x_wconf 59' lang='lat' dir='ltr'>volun7</span> 
     </span>
     <span class='ocr_line' id='line_1_22' title="bbox 212 2200 893 2277; baseline 0.001 -14"><span class='ocrx_word' id='word_1_143' title='bbox 212 2220 278 2277; x_wconf 87' lang='lat' dir='ltr'>tas,</span> <span class='ocrx_word' id='word_1_144' title='bbox 296 2202 327 2262; x_wconf 91' lang='lat'>&amp;</span> <span class='ocrx_word' id='word_1_145' title='bbox 341 2222 408 2262; x_wconf 82' lang='lat' dir='ltr'>mea</span> <span class='ocrx_word' id='word_1_146' title='bbox 425 2205 530 2265; x_wconf 74' lang='lat' dir='ltr'>oratio.</span> <span class='ocrx_word' id='word_1_147' title='bbox 540 2238 541 2241; x_wconf 14' lang='grc' dir='ltr'>η</span> <span class='ocrx_word' id='word_1_148' title='bbox 551 2202 637 2263; x_wconf 91' lang='lat' dir='ltr'>Nunc</span> <span class='ocrx_word' id='word_1_149' title='bbox 652 2203 725 2263; x_wconf 74' lang='lat' dir='ltr'>verb</span> <span class='ocrx_word' id='word_1_150' title='bbox 736 2205 786 2276; x_wconf 82' lang='lat' dir='ltr'>„si</span> <span class='ocrx_word' id='word_1_151' title='bbox 802 2200 893 2270; x_wconf 78' lang='lat' dir='ltr'>effent</span> 
     </span>
     <span class='ocr_line' id='line_1_23' title="bbox 211 2282 898 2364; baseline 0.007 -22"><span class='ocrx_word' id='word_1_152' title='bbox 211 2283 301 2351; x_wconf 77' lang='lat' dir='ltr'>nostri</span> <span class='ocrx_word' id='word_1_153' title='bbox 314 2284 399 2364; x_wconf 85' lang='lat' dir='ltr'>potiti</span> <span class='ocrx_word' id='word_1_154' title='bbox 410 2328 421 2359; x_wconf 89' lang='lat'>‚</span> <span class='ocrx_word' id='word_1_155' title='bbox 431 2284 519 2346; x_wconf 78' lang='lat' dir='ltr'>vaide</span> <span class='ocrx_word' id='word_1_156' title='bbox 533 2288 757 2363; x_wconf 81' lang='lat' dir='ltr'>intemperantes</span> <span class='ocrx_word' id='word_1_157' title='bbox 771 2282 898 2347; x_wconf 65' lang='lat' dir='ltr'>fui-isent-</span> 
     </span>
     <span class='ocr_line' id='line_1_24' title="bbox 209 2360 894 2445; baseline 0.001 -22"><span class='ocrx_word' id='word_1_158' title='bbox 209 2360 302 2423; x_wconf 81' lang='lat' dir='ltr'>Erant</span> <span class='ocrx_word' id='word_1_159' title='bbox 331 2367 410 2423; x_wconf 87' lang='lat' dir='ltr'>enim</span> <span class='ocrx_word' id='word_1_160' title='bbox 433 2365 518 2426; x_wconf 88' lang='lat' dir='ltr'>nobis</span> <span class='ocrx_word' id='word_1_161' title='bbox 542 2367 657 2445; x_wconf 79' lang='lat' dir='ltr'>perirati</span> <span class='ocrx_word' id='word_1_162' title='bbox 668 2410 683 2437; x_wconf 88' lang='lat'>,.</span> <span class='ocrx_word' id='word_1_163' title='bbox 704 2366 785 2445; x_wconf 85' lang='lat' dir='ltr'>quasi</span> <span class='ocrx_word' id='word_1_164' title='bbox 804 2365 894 2445; x_wconf 87' lang='lat' dir='ltr'>quid-</span> 
     </span>
     <span class='ocr_line' id='line_1_25' title="bbox 213 2442 895 2525; baseline 0.001 -20"><span class='ocrx_word' id='word_1_165' title='bbox 213 2465 303 2525; x_wconf 88' lang='lat' dir='ltr'>quam</span> <span class='ocrx_word' id='word_1_166' title='bbox 334 2443 371 2503; x_wconf 87' lang='lat' dir='ltr'>de</span> <span class='ocrx_word' id='word_1_167' title='bbox 396 2444 491 2506; x_wconf 88' lang='lat' dir='ltr'>nostra</span> <span class='ocrx_word' id='word_1_168' title='bbox 521 2444 608 2506; x_wconf 79' lang='lat' dir='ltr'>salute</span> <span class='ocrx_word' id='word_1_169' title='bbox 642 2442 895 2524; x_wconf 60' lang='lat' dir='ltr'>decrevissemus3</span> 
     </span>
     <span class='ocr_line' id='line_1_26' title="bbox 208 2518 895 2607; baseline 0.001 -22"><span class='ocrx_word' id='word_1_170' title='bbox 208 2524 294 2607; x_wconf 84' lang='lat' dir='ltr'>quod</span> <span class='ocrx_word' id='word_1_171' title='bbox 320 2544 380 2583; x_wconf 90' lang='lat' dir='ltr'>non</span> <span class='ocrx_word' id='word_1_172' title='bbox 405 2526 485 2586; x_wconf 89' lang='lat' dir='ltr'>idem</span> <span class='ocrx_word' id='word_1_173' title='bbox 505 2518 561 2584; x_wconf 84' lang='lat' dir='ltr'>illis</span> <span class='ocrx_word' id='word_1_174' title='bbox 586 2523 812 2599; x_wconf 71' lang='lat' dir='ltr'>censuilieinu53</span> <span class='ocrx_word' id='word_1_175' title='bbox 845 2542 895 2586; x_wconf 89' lang='lat' dir='ltr'>aut</span> 
     </span>
     <span class='ocr_line' id='line_1_27' title="bbox 214 2590 896 2686; baseline 0 -21"><span class='ocrx_word' id='word_1_176' title='bbox 214 2607 296 2686; x_wconf 87' lang='lat' dir='ltr'>quasi</span> <span class='ocrx_word' id='word_1_177' title='bbox 305 2590 407 2667; x_wconf 50' lang='lat' dir='ltr'>Fufius</span> <span class='ocrx_word' id='word_1_178' title='bbox 427 2605 592 2685; x_wconf 84' lang='lat' dir='ltr'>reipublicae</span> <span class='ocrx_word' id='word_1_179' title='bbox 609 2603 714 2680; x_wconf 84' lang='lat' dir='ltr'>fuerit,</span> <span class='ocrx_word' id='word_1_180' title='bbox 736 2626 788 2667; x_wconf 85' lang='lat' dir='ltr'>eos</span> <span class='ocrx_word' id='word_1_181' title='bbox 807 2608 896 2665; x_wconf 86' lang='lat' dir='ltr'>etiam</span> 
     </span>
     <span class='ocr_line' id='line_1_28' title="bbox 211 2683 897 2768; baseline -0.001 -23"><span class='ocrx_word' id='word_1_182' title='bbox 211 2686 254 2765; x_wconf 80' lang='lat' dir='ltr'>ad</span> <span class='ocrx_word' id='word_1_183' title='bbox 269 2683 424 2745; x_wconf 86' lang='lat' dir='ltr'>bestiarum</span> <span class='ocrx_word' id='word_1_184' title='bbox 444 2687 580 2746; x_wconf 86' lang='lat' dir='ltr'>auxilium</span> <span class='ocrx_word' id='word_1_185' title='bbox 602 2684 784 2768; x_wconf 81' lang='lat' dir='ltr'>confugere,</span> <span class='ocrx_word' id='word_1_186' title='bbox 807 2686 897 2765; x_wconf 67' lang='lat' dir='ltr'>quim</span> 
     </span>
     <span class='ocr_line' id='line_1_29' title="bbox 214 2765 897 2847; baseline -0.003 -21"><span class='ocrx_word' id='word_1_187' title='bbox 214 2765 265 2826; x_wconf 86' lang='lat' dir='ltr'>vel</span> <span class='ocrx_word' id='word_1_188' title='bbox 282 2767 395 2841; x_wconf 79' lang='lat' dir='ltr'>emori,</span> <span class='ocrx_word' id='word_1_189' title='bbox 411 2767 461 2828; x_wconf 88' lang='lat' dir='ltr'>vel</span> <span class='ocrx_word' id='word_1_190' title='bbox 476 2787 542 2827; x_wconf 91' lang='lat' dir='ltr'>cum</span> <span class='ocrx_word' id='word_1_191' title='bbox 559 2766 633 2847; x_wconf 89' lang='lat' dir='ltr'>spe,</span> <span class='ocrx_word' id='word_1_192' title='bbox 651 2771 675 2827; x_wconf 86' lang='lat' dir='ltr'>si</span> <span class='ocrx_word' id='word_1_193' title='bbox 688 2788 748 2826; x_wconf 88' lang='lat' dir='ltr'>non</span> <span class='ocrx_word' id='word_1_194' title='bbox 764 2768 897 2845; x_wconf 87' lang='lat' dir='ltr'>optima,</span> 
     </span>
     <span class='ocr_line' id='line_1_30' title="bbox 211 2846 898 2971; baseline -0.001 -65"><span class='ocrx_word' id='word_1_195' title='bbox 211 2863 245 2906; x_wconf 83' lang='lat' dir='ltr'>at</span> <span class='ocrx_word' id='word_1_196' title='bbox 264 2846 361 2925; x_wconf 83' lang='lat' dir='ltr'>aliqua</span> <span class='ocrx_word' id='word_1_197' title='bbox 379 2865 478 2908; x_wconf 88' lang='lat' dir='ltr'>tamen</span> <span class='ocrx_word' id='word_1_198' title='bbox 492 2850 604 2909; x_wconf 86' lang='lat' dir='ltr'>vivere.</span> <span class='ocrx_word' id='word_1_199' title='bbox 625 2847 667 2907; x_wconf 87' lang='lat' dir='ltr'>At</span> <span class='ocrx_word' id='word_1_200' title='bbox 682 2851 712 2907; x_wconf 88' lang='lat' dir='ltr'>in</span> <span class='ocrx_word' id='word_1_201' title='bbox 732 2846 898 2971; x_wconf 50' lang='lat' dir='ltr'>genurbata</span> 
     </span>
     <span class='ocr_line' id='line_1_31' title="bbox 214 2924 896 3009; baseline 0.001 -23"><span class='ocrx_word' id='word_1_202' title='bbox 214 2924 363 3005; x_wconf 82' lang='lat' dir='ltr'>republica</span> <span class='ocrx_word' id='word_1_203' title='bbox 385 2931 522 2998; x_wconf 84' lang='lat' dir='ltr'>¹vivimus.</span> <span class='ocrx_word' id='word_1_204' title='bbox 542 2927 621 3005; x_wconf 84' lang='lat' dir='ltr'>Quis</span> <span class='ocrx_word' id='word_1_205' title='bbox 641 2946 746 3009; x_wconf 80' lang='lat' dir='ltr'>negat.</span> <span class='ocrx_word' id='word_1_206' title='bbox 764 2927 822 2987; x_wconf 86' lang='lat' dir='ltr'>Sed</span> <span class='ocrx_word' id='word_1_207' title='bbox 837 2927 896 2987; x_wconf 88' lang='lat' dir='ltr'>hoc</span> 
     </span>
     <span class='ocr_line' id='line_1_32' title="bbox 215 3006 900 3089; baseline 0.001 -22"><span class='ocrx_word' id='word_1_208' title='bbox 215 3006 343 3072; x_wconf 74' lang='lat' dir='ltr'>uiderint</span> <span class='ocrx_word' id='word_1_209' title='bbox 359 3009 400 3083; x_wconf 91' lang='lat' dir='ltr'>ii,</span> <span class='ocrx_word' id='word_1_210' title='bbox 419 3012 469 3089; x_wconf 89' lang='lat' dir='ltr'>qui</span> <span class='ocrx_word' id='word_1_211' title='bbox 483 3008 562 3069; x_wconf 88' lang='lat' dir='ltr'>nulla</span> <span class='ocrx_word' id='word_1_212' title='bbox 574 3010 629 3071; x_wconf 78' lang='lat' dir='ltr'>sibi</span> <span class='ocrx_word' id='word_1_213' title='bbox 643 3008 767 3070; x_wconf 84' lang='lat' dir='ltr'>subsidia</span> <span class='ocrx_word' id='word_1_214' title='bbox 784 3007 821 3068; x_wconf 85' lang='lat' dir='ltr'>ad</span> <span class='ocrx_word' id='word_1_215' title='bbox 833 3026 900 3089; x_wconf 75' lang='lat'><strong>0¹¹¹·-</strong></span> 
     </span>
     <span class='ocr_line' id='line_1_33' title="bbox 258 3086 801 3153; baseline -0.006 0"><span class='ocrx_word' id='word_1_216' title='bbox 258 3091 360 3153; x_wconf 69' lang='lat' dir='ltr'>rmus</span> <span class='ocrx_word' id='word_1_217' title='bbox 374 3087 432 3153; x_wconf 79' lang='lat' dir='ltr'>XI.</span> <span class='ocrx_word' id='word_1_218' title='bbox 771 3086 801 3150; x_wconf 87' lang='lat' dir='ltr'>R</span> 
     </span>
     <span class='ocr_line' id='line_1_34' title="bbox 606 3222 617 3245; baseline 0 0"><span class='ocrx_word' id='word_1_219' title='bbox 606 3222 617 3245; x_wconf 51' lang='grc' dir='ltr'>ἢ</span> 
     </span>
    </p>
   </div>
   <div class='ocr_carea' id='block_1_3' title="bbox 0 0 1112 3975">
    <p class='ocr_par' dir='ltr' id='par_1_3' title="bbox 0 0 1112 3975">
     <span class='ocr_line' id='line_1_35' title="bbox 0 0 1112 3975; baseline 0 0"><span class='ocrx_word' id='word_1_220' title='bbox 0 0 1112 3975; x_wconf 95' lang='lat' dir='ltr'> </span> 
     </span>
    </p>
   </div>
  </div>
 </body>
</html>
