2184 3975
275 484 351 541 202
423 465 806 533 Enteroutnunt

312 594 358 655 Μ.
379 591 510 656 Crcsuo
530 592 563 654 P.
583 592 706 654 Suxno
725 592 760 654 Ρ.
779 593 813 656 F.
833 591 868 656 S.
884 591 931 655 Da

272 727 413 784 Excusat
424 727 560 779 tarditatem
578 729 729 787 litterarum,
748 727 961 780 &Sextiumhor-

310 816 397 860 tatur,
417 817 442 851 ut
457 799 581 870 supienter
599 802 622 851 δ’
632 801 734 867 fortiter
754 801 864 851 exsilium
872 800 960 868 ferat,

311 877 344 924 ad
359 875 385 924 it
399 875 467 925 uario
480 873 531 943 usus
544 872 714 941 consolationis
730 891 876 942 argumento.
887 876 962 926 Anno

314 947 347 998 U.
367 951 394 1000 C.
411 967 469 1013 700·
482 950 587 999 Conrado
603 949 635 1010 est
650 950 687 998 tic
705 947 820 1008 Sextius,
840 948 961 999 Ciceronis

312 1037 396 1071 contra
410 1022 517 1071 Clodium
530 1018 660 1088 defensor,
678 1021 797 1071 abeodem
813 1022 912 1088 posthac
921 1023 961 1071 lu·

313 1093 410 1144 culentti
433 1097 541 1144 oratione
565 1093 695 1162 defensus,
718 1095 750 1143 ad
772 1103 837 1160 quent
860 1095 963 1162 epistole

312 1166 378 1231 liujus
400 1167 457 1216 libri
474 1165 546 1234 stuta
560 1184 569 1216 .·
584 1167 711 1217 Manutius
724 1168 781 1217 verb
802 1167 876 1218 alium
896 1167 961 1235 effe,

311 1239 391 1289 multis
409 1241 550 1310 argumentis
564 1241 695 1292 contendit.
713 1243 839 1311 Cema..

277 1320 396 1467 i7N
407 1408 460 1452 ors
479 1390 629 1455 oblivione
639 1391 771 1451 amicitiae
779 1389 963 1465 nostrame-

274 1490 331 1551 que
350 1471 559 1534 intermiffione
576 1472 788 1534 consuetudinis
806 1493 899 1546 meae‚
917 1471 962 1532 su·

275 1554 438 1631 petionibus
452 1554 631 1635 temporibus
642 1555 679 1614 ad
695 1570 724 1613 te
743 1553 834 1613 nullas
851 1553 963 1614 litteras

275 1631 363 1707 mist,
379 1633 429 1694 sed
452 1634 532 1715 qubd
549 1636 647 1715 priora
669 1651 803 1714 tempora
822 1636 853 1694 in
870 1636 962 1695 ruinis.

274 1713 462 1794 reipublicae,
482 1713 586 1775 nostris
601 1735 638 1775 ue
657 1712 806 1792 jacuerunt
826 1735 836 1788 3
857 1713 960 1803 poste·

275 1795 353 1854 riora
370 1814 467 1856 autem
485 1816 533 1856 me
551 1737 737 1856 dicribendo
754 1799 810 1855 tuis
829 1793 960 1872 inlustis·

276 1875 358 1934 simis
381 1895 466 1956 atque
487 1878 677 1937 acerbissimis
694 1877 891 1936 incommodis
909 1898 960 1937 re-

274 1955 430 2017 tardarunt.
451 1953 557 2036 Quum
569 1959 642 2018 verb
656 1958 687 2018 &
702 1957 887 2020 intervallum
900 1955 962 2037 jam

273 2034 339 2097 satis
362 2038 483 2121 longum
503 2036 615 2113 fuisset,
636 2038 669 2098 8(
690 2056 769 2098 tuam
789 2041 929 2100 virtutem
948 2085 963 2113 ,

273 2119 422 2200 animique
443 2120 671 2202 magnitudinem
689 2120 852 2202 diligentius
871 2118 960 2181 effem

274 2218 392 2261 mecum
409 2201 595 2274 recordatus,
613 2222 674 2260 non
693 2204 792 2281 putavi
813 2199 869 2262 effe
891 2202 964 2261 alie·

193 2295 198 2328 ³
273 2300 346 2340 num
357 2279 489 2341 institutis
499 2285 571 2343 meis
580 2282 643 2341 haec
655 2282 690 2341 ad
709 2300 738 2341 re
752 2280 884 2343 scribere.
896 2280 961 2364 Ego

221 2359 226 2364 ’
276 2375 327 2434 te,
342 2359 375 2421 P.
394 2361 496 2437 Sexti,
519 2363 551 2422 &
568 2364 667 2444 primis
683 2362 864 2442 temporibus
885 2363 960 2438 illis,

278 2441 380 2521 quibus
397 2447 426 2503 in
446 2444 585 2504 invidiam
606 2443 724 2516 absens,
743 2444 774 2503 &
793 2447 823 2502 iu
849 2446 961 2507 crimen

275 2524 420 2585 vocabare
433 2572 443 2599 ‚
458 2525 577 2585 defendi
593 2542 603 2597 ;
619 2526 650 2584 ὃ(
664 2544 754 2606 quum
768 2527 798 2583 in
818 2526 859 2584 tui
877 2523 962 2585 fami-

274 2602 417 2665 liarissimi
436 2605 566 2685 judicio,
588 2626 624 2663 ac
647 2606 776 2685 periculo
796 2624 879 2665 tuum
899 2609 960 2665 cri·

183 2706 191 2713 ·
220 2743 222 2747 a
274 2703 344 2746 men
365 2703 611 2769 conjungeretur3
631 2688 783 2766 erpetui,
805 2689 960 2747 accuratis·

274 2768 347 2828 sime
362 2785 409 2844 te,
422 2788 557 2849 tuamque
572 2765 683 2826 causam
699 2783 806 2829 tutatus
824 2766 886 2827 sum
902 2787 912 2841 3
927 2768 960 2829 ὃ(

273 2851 425 2929 proxime,
436 2851 544 2911 recenti
556 2847 682 2906 adventu
693 2866 780 2922 meo,
791 2869 883 2930 quum
895 2868 960 2909 rem

272 2930 354 2991 aliter
372 2930 526 2991 institutam
546 2923 748 3004 offendiffem,
769 2951 803 2990 ac
815 2930 887 2989 mihi
899 2929 960 3010 pla-

273 3010 370 3075 cuiffet
380 3056 392 3089 ,
409 3014 434 3076 si
453 3006 603 3072 adfuissem
613 3052 626 3085 ,
644 3026 744 3073 tamen
763 3009 844 3073 nulli
862 3031 895 3074 re
917 3008 961 3073 sa-
