2184 3975
272 494 348 564 Ar>
362 492 589 587 Fruitur.
603 493 688 566 ιω.
703 492 781 562 VII.
808 513 855 588 30
860 508 886 588 5

189 607 327 669 modum
347 603 550 701 consequimur
571 606 626 665 alid
644 610 765 670 ratione.
781 606 885 688 Quum

191 691 283 748 enim
301 687 464 748 salutationi
484 708 539 746 nos
560 687 692 748 dedimus
708 692 864 750 amicorum
874 710 886 763 ;

187 788 266 849 qnae
288 766 324 828 fit
344 767 401 827 hltc
418 769 503 829 etiarn
523 766 722 847 frequentius,
739 769 825 849 quim
838 769 885 830 so·

192 846 304 922 lebat,
326 847 429 929 qubd,
447 849 529 928 quasi
547 867 633 907 avem
653 849 769 922 albam,
784 850 887 911 viden·

192 944 245 989 tur
267 929 347 990 bene
366 927 536 989 sentientem
555 931 651 988 civem
670 927 788 1002 videte3
806 929 883 990 abdo

193 1028 248 1070 me
267 1012 301 1069 in
319 1007 536 1069 bibliothecam.
562 1007 661 1088 ltaque
680 1029 771 1088 opera
789 1007 887 1071 efficio

190 1105 280 1151 tenta
302 1133 313 1163 ,
341 1108 448 1169 quanta
467 1081 580 1149 sortasse
599 1105 635 1148 ‘tu
652 1087 766 1151 senties.
789 1089 886 1151 Intel-

195 1169 258 1232 lexi
295 1171 376 1230 enirn
409 1189 445 1230 ex
471 1187 522 1229 tuo
557 1167 689 1230 sermone
723 1169 883 1250 quodam,

198 1271 293 1333 quum
321 1268 419 1310 meam
446 1246 612 1309 moestitiam
645 1248 678 1308 δι
704 1248 883 1331 desperatio-

198 1351 270 1392 nem
288 1329 456 1404 accusares,
477 1331 558 1391 domi
580 1347 640 1390 tute
659 1329 755 1390 dicere
777 1348 825 1404 te,
843 1351 880 1390 ex

199 1415 273 1472 meis
288 1411 369 1472 libris
383 1413 511 1471 animum
523 1430 623 1471 meum
637 1409 809 1471 desiderare.
822 1409 883 1471 Sed

200 1493 366 1554 mehercule
379 1491 412 1551 &
424 1509 488 1552 tum
500 1491 709 1572 rempublicam
725 1491 859 1572 lugebam
871 1536 883 1568 ,

195 1588 263 1654 'quae
279 1593 343 1634 non
362 1571 455 1633 solium
475 1572 530 1632 suis
546 1592 616 1654 erga
634 1591 704 1645 me,
727 1571 777 1632 sed
793 1572 881 1632 etiam

200 1657 273 1715 meis
293 1674 363 1737 erga
380 1651 408 1713 se
429 1651 578 1714 beneficiis
598 1668 659 1712 erat
675 1651 746 1712 mihi
767 1654 881 1725 carior;

202 1732 313 1796 &hoc
338 1750 472 1815 tempore
497 1779 507 1806 ,
540 1751 714 1812 quamquam
742 1753 789 1792 me
818 1753 881 1793 non

202 1817 272 1877 ratio
301 1814 397 1875 solltm
426 1813 608 1887 consolatur,
635 1833 698 1892 quae
724 1813 881 1893 plurimum

201 1895 290 1958 debet
309 1891 427 1967 valere,
444 1893 494 1955 sed
512 1895 599 1954 etiam
614 1892 694 1966 dies,
713 1914 774 1973 que
792 1891 881 1954 stultis

202 1996 319 2061 quoque
342 1974 452 2037 mederi
476 1973 570 2049 solet,
588 1990 684 2034 tamen
704 1973 819 2049 doleo,
840 1975 881 2035 ita

201 2077 260 2120 rem
282 2076 470 2118 communem
489 2052 544 2115 esse
571 2054 732 2132 dilapsam,
758 2071 813 2127 ut,
841 2074 880 2115 ne

201 2138 261 2221 spes
291 2138 441 2220 quidem,
469 2135 573 2196 melius
599 2134 752 2215 aliquando
787 2133 880 2209 fore,

199 2222 386 2301 relinquatur.
406 2216 470 2278 Nec
483 2216 557 2278 verb
572 2235 648 2275 nunc
663 2216 780 2296 quidem
795 2214 880 2296 culpa

199 2302 226 2362 in
246 2320 287 2362 eo
305 2297 369 2374 est,
390 2301 419 2358 in
438 2295 519 2376 cujus
542 2295 682 2377 potestate
703 2298 802 2356 omnia
818 2294 882 2358 sunt

227 2383 286 2442 nisi
308 2380 386 2441 forte
414 2380 450 2459 id
465 2378 558 2458 ipsum
582 2375 638 2437 esse
663 2397 723 2435 non
748 2376 880 2457 debuit)

209 2463 247 2525 ed
269 2461 328 2522 alia
347 2459 431 2535 casu,
449 2460 503 2518 alia
519 2461 607 2518 etiam
625 2455 719 2515 nostri
740 2455 824 2536 culpi
839 2458 880 2517 sic

198 2543 387 2613 acciderunt,
408 2556 440 2600 ut
456 2539 493 2599 de
511 2538 661 2620 praeteritis
680 2555 740 2595 non
756 2539 792 2596 sit
812 2558 882 2617 que-

198 2623 332 2685 rendum.
358 2620 511 2701 Reliquam
541 2617 621 2697 spem
650 2617 758 2676 nullam
780 2618 880 2676 video.

198 2702 303 2782 Quare
334 2702 372 2763 ad
398 2704 491 2781 prima
511 2699 612 2759 redeo.
643 2696 794 2777 Sapienter
817 2697 880 2753 haec

198 2780 358 2865 reliquisti,
389 2785 413 2845 si
430 2782 552 2844 consilio
562 2799 573 2856 3
595 2776 738 2854 feliciter,
762 2779 786 2838 si
805 2772 882 2833 casu.

856 2983 1002 3504 l
