2184 3975
282 461 353 529 Ao
368 462 590 527 Frurrrru.
605 460 693 529 Lm.
705 457 773 531 IX.
808 478 887 555 375

201 566 304 632 falsam
329 571 523 633 hereditatem
555 572 656 632 aliena
683 577 785 658 gloriae
808 578 888 636 sinas

203 672 348 726 cernere3
374 672 480 733 meque
506 652 541 713 ali
565 675 601 712 ua
620 673 657 713 ex
677 675 757 736 parte
779 657 811 715 ‘m
833 655 887 717 so-

200 735 340 793 cietatem
366 751 478 794 tuarum
499 674 619 793 leuium
639 739 743 798 venire
764 738 882 816 patiare.

198 811 424 897 Quamquam,
452 817 493 873 ani
510 813 667 874 Dolabella
688 815 702 898 (
721 818 782 876 haec
804 820 884 876 eninr

199 892 315 974 jocatus
339 893 401 955 sum
419 894 435 976 )
455 894 589 955 libentius
610 916 712 956 omnes
735 917 837 970 meas,
860 899 885 957 si

200 974 296 1037 modi)
324 973 387 1035 sunt
410 975 512 1057 aliquae
540 994 645 1049 meae,
673 976 772 1038 laudes
798 977 834 1035 ad
853 993 888 1038 te

200 1054 428 1130 tratasfurlerim‚
450 1055 537 1136 quim
556 1055 682 1136 aliquam
702 1075 813 1137 patrem
832 1077 885 1117 err·

200 1135 342 1197 lmuserim
359 1155 396 1197 ex
411 1138 479 1196 tuis.
499 1135 599 1209 Nam,
615 1157 704 1216 quum
722 1155 751 1198 te
767 1136 887 1217 semper

199 1212 500 1291 ustauhanaim,
514 1235 654 1296 quantum
664 1237 702 1279 tn
721 1218 886 1300 intelligere

200 1295 341 1379 potuiffi;
363 1315 429 1358 tum
448 1297 491 1356 his
510 1299 565 1356 tuis
588 1295 668 1357 failis
689 1299 729 1358 sic
749 1298 883 1359 incensus

200 1375 294 1451 sum,
319 1394 350 1438 ut
368 1377 438 1439 nihil
461 1396 600 1458 umquam·
618 1380 649 1436 in
671 1399 770 1439 amore
794 1378 882 1439 fuerit

201 1457 362 1520 ardentius,
380 1456 460 1517 Nihil
484 1455 524 1518 est
546 1460 626 1518 eninr
646 1456 659 1538 (
677 1459 746 1517 mihi
765 1457 881 1540 crede)

198 1541 307 1600 virtute
327 1536 508 1611 formosius,
527 1539 598 1600 nihil
621 1539 791 1619 pulchrius,
809 1539 883 1599 nihil

199 1619 363 1682 amabilius.
387 1618 509 1699 Semper
530 1621 627 1679 amavi
650 1617 713 1701 (ut
730 1618 781 1679 scis
800 1619 814 1701 )
835 1619 886 1683 M.

201 1698 342 1773 Brutum,
356 1714 477 1780 propter
488 1695 550 1777 ejus
562 1698 704 1760 summurn
716 1703 862 1782 ingenium
870 1745 886 1776 ‚

199 1779 385 1843 stravissimos
406 1801 530 1854 mores,
558 1781 729 1862 singularem
750 1781 882 1862 probita-

200 1878 285 1935 tem,
313 1877 400 1942 atque
427 1857 637 1921 constantiam:
663 1881 759 1922 tamen
780 1860 884 1922 Idibus

200 1941 318 2004 Martiis
344 1959 455 2002 tantum
476 1944 597 2003 accessit
617 1940 654 2002 ad
674 1963 826 2017 amorem,
848 1959 884 2004 ut·

150 2057 156 2067 ·
201 2026 321 2087 mirarer
336 2023 433 2084 locum
449 2021 529 2082 firiffe
542 2024 666 2104 augendi
680 2026 710 2085 in
725 2044 782 2097 eo,
799 2022 885 2104 quoni

202 2106 274 2164 mihi
295 2101 467 2184 jampridem
488 2104 665 2163 cumulatum
684 2106 771 2164 etiarn
789 2104 883 2164 vide*

201 2185 296 2246 batur.
323 2182 401 2262 Quis
423 2201 512 2260 erat,
540 2186 591 2265 qui
616 2200 729 2323 nutaret
751 2183 884 2245 adeum

202 2284 352 2338 amorem,
371 2285 458 2345 quem
478 2284 548 2346 erga
566 2283 596 2326 te
636 2267 758 2326 abebam
770 2311 784 2341 ‚>
798 2262 885 2347 polle

202 2345 309 2427 aliquid
324 2346 481 2406 accedere?
490 2364 602 2407 tantum
617 2350 752 2418 accessit,
764 2365 796 2407 ut
810 2347 885 2407 mihi

203 2447 282 2488 nunc
299 2428 423 2507 denique
442 2447 542 2487 amare
559 2426 677 2500 videar,
699 2445 785 2486 antea
802 2426 885 2487 dile··

201 2506 281 2570 xilla.
296 2506 398 2586 Quare
412 2507 481 2587 quid
495 2505 538 2567 est
550 2506 630 2585 quud
644 2526 701 2588 ego
716 2524 745 2566 te
762 2507 861 2567 horter
869 2551 885 2582 ,,

203 2606 233 2648 ut
250 2589 384 2670 dignitati
403 2588 436 2647 &
453 2588 552 2669 gloriae
567 2586 694 2649 servias?
715 2586 882 2666 proponam

203 2670 258 2729 tibi
291 2670 383 2728 clatos
406 2670 485 2728 viros
509 2714 518 2744 ,
552 2668 632 2748 quod
661 2666 754 2729 facere
788 2668 888 2728 solent

204 2753 252 2829 qui
275 2748 457 2809 hortantur?
483 2752 631 2809 neminem
654 2748 749 2807 habeo
773 2747 884 2805 clario-

204 2850 290 2902 rem,
306 2829 393 2909 quim
406 2827 542 2908 teipsum
557 2828 603 2888 Te
619 2832 729 2888 imitere
745 2842 888 2905 oporteta

204 2926 301 2969 tecum
320 2910 380 2990 ipse
401 2928 503 2968 certes.
528 2908 578 2969 Ne
602 2910 670 2969 licet
692 2908 808 2988 quidem
827 2907 886 2965 tibi

205 2987 285 3068 jam,
299 2994 384 3053 tantis
405 2989 490 3051 rebus
506 2988 590 3071 gellis
601 3034 612 3067 ‚
624 3010 688 3051 non
700 2991 742 3048 tui
756 2986 887 3058 similene
