2184 3975
206 461 283 559 378
356 448 750 527 Ennomon

206 574 339 648 facetiis,
360 571 487 634 maxime
510 568 680 630 nostratibus
702 615 713 644 ,
736 568 883 650 praesertim

206 677 295 735 quum
318 675 366 714 eas
390 655 509 716 videam
531 654 657 732 primum
681 652 789 711 oblitas
812 650 885 711 Latio
919 698 921 703 .

204 754 289 808 tum,
310 755 402 816 quum
419 738 449 795 in
468 734 570 794 urbem
588 731 716 792 nostram
737 729 781 791 est
806 731 886 791 infusa
930 794 931 809 ἶ

204 818 425 897 peregrinitas,
452 834 529 874 nunc
549 816 622 875 vero
643 814 733 874 etiam
754 813 887 873 braccatis
929 816 931 889 j

205 895 436 977 &transalpinis
454 894 640 969 nationibus,
659 911 693 954 ut
711 894 824 954 nullum
842 913 889 954 ve·
929 898 931 919 ³

205 978 275 1036 teris
298 978 406 1059 leporis
434 975 587 1056 vestigium
607 992 758 1055 appareat.
794 972 887 1054 ltaque

206 1072 236 1118 te
262 1077 351 1138 quum
370 1057 459 1116 video
480 1101 491 1130 ,
519 1074 622 1116 omnes
643 1055 716 1114 mihi
735 1052 888 1128 Granios,

205 1156 307 1197 omnes
329 1137 453 1197 Lucilios
471 1133 570 1275 Svere
583 1153 615 1197 ut
632 1133 761 1217 dicam)
779 1133 888 1197 Crallos

203 1237 350 1298 quoque,
373 1217 404 1276 &
427 1215 530 1276 Laeios
553 1217 654 1278 videre
675 1217 794 1278 videor.
814 1216 889 1278 Mo·

203 1299 289 1372 riar,
315 1300 339 1358 si
362 1314 466 1378 praeter
487 1312 517 1356 te
544 1317 723 1378 quemquam
748 1298 889 1378 reliquum

204 1376 335 1452 habeo,
364 1380 394 1438 in
418 1398 477 1457 quo
498 1381 609 1456 possim
633 1379 794 1460 imaginem
815 1380 889 1439 anti-

204 1478 269 1598 guae
297 1458 329 1519 δι
351 1457 513 1520 vernaculae
538 1456 701 1520 festivitatis
725 1456 889 1540 agnoscere.

237 1539 255 1598 d
288 1539 342 1600 hos
372 1540 487 1619 lepores
512 1559 603 1619 quutn
633 1559 718 1600 amor
747 1559 817 1681 erga
841 1559 888 1600 me

206 1636 301 1680 tantus
320 1621 463 1693 accedat,
492 1621 623 1692 miraris,
644 1640 701 1680 me
719 1636 783 1682 tant
822 1639 890 1701 per-

205 1701 369 1761 turbatione
395 1699 565 1760 valetudinis
596 1718 653 1759 tuae
681 1719 741 1760 tam
766 1704 890 1784 graviter

204 1783 401 1840 exanimatum
424 1777 504 1840 fuiffe
527 1779 537 1839 ἓ
565 1779 660 1859 Qubd
681 1800 781 1841 autem
801 1782 890 1842 alterd

203 1859 326 1940 epistolia
345 1883 398 1940 pur
418 1883 447 1920 as
470 1878 520 1934 te,
538 1882 598 1920 non
618 1857 803 1922 diffuasorem
820 1863 891 1923 mihi

204 1943 362 2021 emptionis
381 1881 585 2021 lleapolitanae
604 1938 707 2017 mille,
726 1941 777 2004 sed
796 1942 890 2004 audio·

200 2042 264 2081 rem
291 2024 528 2082 commorationis
550 2022 689 2095 urbanae3
715 2044 813 2105 neque
831 2046 890 2107 ego

200 2102 284 2163 aliter
300 2104 409 2181 accepi.
429 2102 561 2163 Intellexi
575 2121 672 2163 tamen
691 2104 791 2178 idem,
828 2105 887 2165 uod

201 2181 245 2241 his
278 2184 409 2261 intelligo
430 2183 552 2255 litteris,
575 2204 636 2243 non
662 2127 832 2245 existimassi
858 2204 888 2246 te

203 2261 273 2320 mihi
294 2263 404 2335 licere,
419 2263 449 2321 id
468 2264 549 2343 quod
565 2283 623 2344 ego
641 2265 821 2340 arbitrabar,
841 2283 897 2328 res‘

200 2340 251 2400 has
274 2360 334 2402 non
355 2347 477 2404 omnino
503 2346 649 2425 quidem,
674 2345 724 2408 sed
750 2367 888 2429 magnam

201 2437 315 2502 partem
334 2424 506 2506 relinquere.
525 2422 661 2486 Catulum
680 2426 750 2485 mihi
769 2444 889 2503 narras,

201 2503 303 2562 &illa
325 2523 470 2586 tempora.
496 2505 580 2583 Quid
605 2506 724 2566 simile?
746 2506 795 2569 Ne
816 2509 889 2569 milri

201 2584 320 2664 quidem
340 2590 485 2665 ipsitunc
506 2585 639 2665 placebat
662 2586 767 2648 diutius
791 2588 887 2650 abell'e

201 2664 238 2723 ab
258 2667 423 2745 reipublicae
441 2666 578 2727 custodia.
605 2666 788 2729 Sedebamus
807 2672 886 2730 enim

200 2747 231 2805 in
252 2746 367 2826 puppi,
395 2748 425 2806 δι
449 2749 565 2808 clavum
590 2749 788 2809 tenebamus:
809 2772 885 2810 nunc

200 2843 299 2886 autem
325 2828 375 2885 vix
395 2826 435 2888 est
458 2831 487 2887 in
506 2828 617 2887 sentina
634 2830 727 2891 locus.
752 2830 804 2890 An
825 2834 884 2890 mi·

199 2908 253 2966 ni1s
276 2906 365 2966 multa
389 2906 628 2968 senatusconsulta
655 2908 750 2969 futura
772 2930 884 2990 putas,

200 2989 225 3047 si
246 3007 303 3067 ego
324 2990 378 3047 sim
397 2987 547 3069 Neapoli?
567 2989 670 3049 Romae
690 3012 782 3070 quum
804 2993 885 3067 siun,
