2184 3975
220 344 290 421 An,
303 344 526 414 Fartraran.
541 345 707 416 ΜΠ.
743 365 817 442 233

140 473 188 517 rne
205 475 214 517 t
233 456 387 537 depulsum
410 479 448 521 ex
467 456 569 532 ltalia,
593 476 726 520 manente
748 469 815 534 nte,

140 537 235 675 guoad
254 539 355 618 potui:
368 538 419 601 sed
427 539 525 604 -valuit
535 539 614 618 apud
627 559 674 600 tne
689 540 753 619 plus
764 560 820 619 pu-

158 638 192 677 or
204 636 288 679 rneus
297 663 308 689 ‚
317 619 407 699 quim
415 621 505 681 timor
516 621 640 680 :veritus
654 619 715 679 sum
725 617 818 681 deesse

139 694 273 777 Pompeii
289 697 393 774 saluti,
410 720 501 780 quum
516 699 565 759 ille
584 698 737 779 aliquando
759 720 819 760 non

139 775 271 838 defuisset
288 798 374 840 rneae.
384 778 428 841 lta
448 799 484 841 ue
495 780 542 841 vel
552 777 649 839 officio
660 824 669 854 ,
682 780 731 840 vel
743 776 821 840 sams

138 855 304 932 bonorum,
320 860 370 920 vel
387 801 499 941 pudore
516 857 627 934 vissus,
646 879 678 921 ut
692 862 721 918 in
738 857 821 918 fabu-

137 936 171 995 lis
187 935 397 1018 Amphiaraiis,
409 942 450 1001 sic
467 959 523 1022 ego
541 939 666 1019 prudens
683 939 716 998 &
728 936 823 1000 sciens,

138 1016 175 1076 ad
193 1015 311 1099 pellent
322 1038 388 1080 ante
406 1021 507 1081 oculos
526 1021 650 1098 positam
670 1018 731 1079 sum
748 1040 819 1098 pro-

137 1095 237 1161 fertus.
257 1095 333 1176 Quo
348 1102 379 1159 in
395 1100 474 1161 bello
492 1099 562 1160 nihil
583 1100 696 1159 adversi
717 1099 821 1160 accidit

138 1197 197 1237 non
213 1177 390 1258 predicente
407 1200 465 1242 me.
483 1177 587 1257 Quare
603 1199 693 1260 quum
712 1194 744 1238 ut
764 1200 820 1237 au-

139 1277 221 1338 gures
236 1258 269 1317 &
282 1256 417 1341 aslrologi
435 1259 545 1339 solent,
567 1279 624 1340 ego
638 1277 754 1338 quoque
766 1280 818 1319 au-

209 1338 343 1419 publicus
365 1359 402 1405 ex
428 1343 500 1401 meis
528 1339 559 1399 su
582 1339 719 1400 erioribus
743 1359 824 1417 prae-,

138 1357 216 1478 libs
235 1417 366 1480 constitui
383 1420 460 1500 apud
471 1438 499 1480 te
515 1361 712 1479 audoritatem
727 1438 820 1498 augu-

137 1500 169 1557 rii
189 1498 225 1561 ὃ(
248 1497 432 1567 divinationis
454 1521 547 1572 meae,
567 1498 684 1559 debebit
711 1497 819 1558 habere

137 1574 225 1639 fidem
242 1577 339 1640 nostra
351 1579 509 1662 praedislio.
525 1579 595 1640 Non
618 1583 627 1638 i
648 1581 703 1638 itur
715 1598 752 1638 ex
765 1577 820 1637 ali·

138 1661 169 1719 tis
188 1659 342 1734 involatu,
360 1681 415 1723 nec
432 1681 449 1722 e
465 1677 549 1720 cantu
565 1601 675 1719 sinilsro
696 1658 817 1732 oscinis‚

138 1757 167 1798 nt
183 1742 215 1800 in
237 1739 334 1801 nostra
351 1741 497 1821 disciplina
515 1738 575 1814 est,
594 1761 649 1800 nec
664 1759 701 1798 ex
721 1741 817 1819 tripu-

140 1819 192 1879 diis
216 1818 381 1900 solistimis,
399 1840 447 1884 aut
465 1821 580 1885 soniviis
604 1822 657 1883 tibi
677 1841 821 1901 auguror·r

138 1897 183 1960 sed
200 1899 298 1980 habeo
312 1901 366 1961 alia
377 1904 458 1984 signa
470 1947 478 1975 ,
491 1922 555 1982 quae
571 1901 739 1960 observem:
754 1919 818 1978 quae

138 1983 187 2041 etsi
208 2001 272 2041 non
283 1980 355 2046 sunt
370 1986 492 2044 certiora
508 1983 587 2054 illis,
607 1981 700 2041 minbs
721 1998 820 2041 tamen

138 2060 243 2122 habent
262 2065 312 2122 vel
329 2062 524 2138 obscuritatis,
545 2062 595 2121 vel
620 2062 734 2123 erroris.
750 2058 822 2120 No..

138 2155 231 2203 untur
253 2160 349 2205 autem
376 2143 446 2203 milri
474 2143 510 2201 ad
531 2141 718 2203 divinandum
739 2141 820 2222 signa

138 2222 244 2300 duplici
256 2222 381 2303 quadam
396 2224 445 2295 vii
455 2242 465 2295 ;
475 2243 595 2303 quarum
613 2222 730 2281 alteram
742 2222 819 2281 duco

137 2324 153 2362 a
173 2300 291 2371 Caesare
309 2302 396 2382 ipso,
418 2303 535 2362 alteram
557 2322 573 2362 e
593 2317 653 2361 tem
676 2320 758 2359 orum
778 2302 821 2359 ci-

137 2382 237 2443 vilium
263 2398 364 2442 natura
385 2400 472 2463 atque
501 2384 622 2442 ratione.
646 2322 680 2440 ld
705 2378 819 2443 Caesare

137 2461 198 2530 haec
216 2461 301 2522 sunt:
315 2464 390 2523 mitis
412 2462 593 2541 clemensque
615 2478 731 2534 natura,
745 2482 820 2542 qua·

136 2542 170 2604 lis
193 2544 364 2623 exprimitur
374 2544 511 2622 ptaeclaro
531 2542 581 2601 illo
597 2542 671 2601 libro
699 2538 821 2618 Quere-

136 2622 228 2686 larurn
244 2621 523 2695 tuarum.¹Accedit,
541 2622 621 2702 qubd
637 2618 755 2679 mirifice*
769 2623 818 2677 in·

156 2703 230 2762 eniis
251 2702 473 2776 excellentibus,
507 2704 571 2762 uale
587 2702 626 2761 est
642 2720 743 2769 tuum,
759 2698 816 2758 de·

135 2721 263 2848 sedatur.
285 2780 426 2844 Praeterea
455 2723 532 2841 cedit
560 2782 715 2841 multorum
739 2774 818 2853 justis

135 2862 168 2926 ὃ(
189 2858 289 2925 officio
305 2864 429 2927 incensis
443 2908 454 2939 ,
466 2882 527 2925 non
543 2862 673 2922 inanibus
695 2874 742 2917 aut
756 2876 817 2917 ant·
