2184 3975
289 518 361 594 Ar>
374 525 599 596 mmm.
608 528 694 598 Lm.
705 524 773 598 IX.
809 523 888 625 ς’όςΙ

204 631 267 723 cll,
289 656 324 700 ut
339 659 396 722 ego
415 641 611 721 interpretor,
628 641 815 724 diligentilrs‚
834 659 886 704 te·

202 722 267 781 neri
285 740 348 780 non
368 722 476 801 potul,
491 720 561 802 quin
581 719 815 800 conjunllionem
830 721 887 785 stu·

203 801 321 862 diorum
347 799 509 882 amorisque
534 799 656 875 nostri,
687 825 746 884 quo
774 801 888 883 pellem

201 880 364 942 litterarum
375 900 503 979 genere,
519 880 703 942 declararem.
722 883 793 943 Feci
802 886 888 964 igitur

202 960 369 1024 sermonem
385 977 463 1023 mter
476 981 534 1022 nos*
546 961 677 1022 habitum
689 965 719 1022 in
733 961 888 1038 Cumano,

201 1063 295 1125 quum
307 1039 377 1104 effer
389 1042 448 1102 uni
464 1040 657 1121 Pomponius:
674 1044 726 1103 tibi
739 1044 808 1105 dedi
824 1065 891 1124 par·

201 1139 248 1184 res
268 1120 482 1197 Antiochinas,
501 1140 606 1204 quasa
624 1140 654 1184 te
689 1124 784 1185 robari
801 1126 888 1186 inrel-

201 1201 302 1264 lexisse
322 1201 392 1263 mihi
407 1203 529 1264 videbar
546 1224 557 1262 :-
579 1203 651 1263 mihi
665 1145 773 1287 llrmpsi
790 1203 890 1266 Philoe

202 1285 257 1344 nis.
285 1281 360 1344 Puro
388 1282 479 1358 lore,
499 1300 552 1355 ut,
589 1304 660 1345 uum
678 1284 806 1366 legeris,
825 1288 890 1345 mie

201 1383 289 1438 rere,
308 1384 363 1425 nos
376 1364 407 1424 id
424 1365 540 1426 l'ocutos
628 1367 704 1426 inter
719 1387 794 1439 nos,
805 1366 887 1446 quod

201 1465 363 1525 numquam
374 1444 467 1505 locuti
482 1445 596 1505 sumus:
611 1444 662 1505 sed
677 1446 753 1507 nolli
771 1466 888 1508 morem

201 1525 398 1608 dialogorum.
420 1523 487 1586 Post
509 1526 572 1585 lraec
594 1543 692 1587 autem
707 1567 721 1601 ,ι
742 1530 784 1588 mi
804 1526 887 1587 Var-

201 1628 235 1667 ω
254 1650 265 1680 ,
297 1604 386 1703 φιὲω
413 1606 537 1688 plurima
554 1639 568 1680 ‚:
587 1608 611 1666 si
630 1607 768 1681 videtur,
794 1606 827 1667 &
848 1608 889 1669 de

200 1686 289 1749 nobis
308 1703 383 1749 mter
402 1707 476 1749 nos:
492 1687 558 1748 serb
576 1684 709 1750 fortaffe:
730 1687 780 1749 sed
800 1687 887 1770 supe·
996 1740 999 1744 .

200 1770 313 1830 riorum
328 1785 495 1849 temporum
509 1767 628 1830 fortuna
642 1769 806 1848 reipublicae
820 1766 890 1830 ca'ua

201 1847 262 1911 lam
284 1844 425 1910 fustirear.
450 1848 524 1910 Haec
547 1850 605 1928 ‘rpsi
632 1847 764 1930 praestare
790 1850 889 1912 debe-

200 1950 280 1992 mus.
303 1927 405 2011 Atque
421 1930 535 1992 utinam
552 1930 656 2011 quietis
675 1931 855 2012 temporibus
876 1976 891 2009 ,

202 2027 290 2093 atque
311 2010 439 2092 aliquo,
472 2013 495 2070 si
521 2030 584 2071 non
609 2010 715 2084 bono,
738 2028 769 2071 at
786 2012 887 2073 saltem

202 2109 285 2153 cerro
302 2087 374 2151 statu
393 2093 537 2165 civitatis,
555 2090 617 2149 haec
634 2093 709 2150 inter
725 2113 780 2152 nos
795 2091 889 2153 studia

202 2190 340 2234 exercere
358 2169 522 2251 possemus!
543 2168 736 2253 Quamquam
747 2192 809 2233 tum
844 2175 887 2233 ui·

202 2251 273 2314 dem
290 2251 341 2316 vel
357 2252 421 2312 aliae
441 2254 584 2334 quaepiam
602 2254 729 2314 rationes
752 2256 830 2315 hone
872 2276 888 2326 ⁸.

201 2332 288 2396 nobis
302 2331 336 2394 δι
353 2353 434 2394 curas
453 2332 485 2394 &
501 2333 632 2395 aarones
652 2333 753 2395 darent
773 2355 784 2394 ·.
807 2357 887 2397 nunc

201 2430 302 2474 autem
320 2414 390 2495 quid
410 2412 475 2488 est,
492 2415 554 2475 sine
571 2413 615 2473 his
636 2433 687 2474 cur
702 2417 805 2475 vivere
825 2436 887 2477 ve-

201 2491 314 2556 limus?
338 2493 414 2554 Mihi
429 2496 503 2556 verb
522 2514 590 2555 cum
607 2492 652 2553 his
668 2495 737 2574 ipsis
753 2497 821 2555 vix:
841 2497 889 2558 his
951 2530 958 2537 -

202 2591 302 2636 aurem
318 2572 470 2648 denariis,
483 2594 521 2636 ne
535 2578 586 2636 vix
600 2574 727 2654 quidem.
747 2574 805 2636 Sed
822 2576 887 2635 haec·

201 2654 333 2729 cotim,
359 2655 391 2715 &
410 2654 521 2736 saepius.
541 2655 751 2736 Migrationem
771 2658 804 2716 &
822 2677 886 2716 em·

201 2737 338 2814 ptionem
358 2733 480 2798 feliciter
499 2738 619 2797 evenire
638 2738 729 2809 volo,
743 2751 887 2817 tuumque

199 2817 233 2879 in
249 2835 287 2881 ea
298 2835 331 2881 re
344 2818 496 2883 consilium
511 2817 617 2900 probo.
631 2816 711 2882 Cura
727 2834 759 2878 ut
774 2816 889 2880 valeas.

703 3129 784 3221 aar
