2184 3975
299 453 373 520 Au.
384 452 779 526 ruminantium.
814 475 892 552 399

209 561 315 654 poss'es.
341 567 400 629 Sed
424 566 611 640 mehercule,
631 571 672 628 mi
692 568 789 647 Paere‚
809 591 891 633 extra

220 667 333 722 ocum,
364 667 473 709 moneo
499 663 555 718 te,
586 649 667 727 quod
688 653 830 729 pertinere
851 653 889 712 arl

245 726 294 788 έιῑὲ
315 728 476 790 vivendum
502 727 655 802 arbitror,
680 748 713 790 ut
734 752 803 791 cum·
822 734 891 793 viris

207 805 317 882 bonis,
345 804 506 886 jucundis,
534 808 695 868 amantibus
724 813 769 870 tui
798 813 892 872 vivas.

206 884 288 948 Nihil
310 890 405 968 aptius
423 891 516 960 vitae,
537 887 608 946 nihil
629 887 666 947 ad
687 889 771 950 berte
786 893 891 951 viven-

206 966 277 1026 dum
298 968 557 1029 accommodatius.
587 966 651 1028 Nec
679 968 709 1027 id
728 969 764 1029 ad
782 971 890 1050 volup·

206 1063 297 1108 tatem
315 1047 432 1122 refero,
449 1047 498 1108 sed
512 1047 549 1105 ad
566 1051 806 1109 communitatem
821 1054 891 1111 vitae

204 1143 294 1209 atque
311 1126 423 1200 viffils,
438 1129 695 1209 remissionemque
709 1132 889 1204 mimorum

204 1226 272 1287 qua
293 1208 418 1275 maxime
439 1207 572 1268 sermone
592 1205 714 1269 efficitur
734 1209 888 1284 familiari,

204 1290 256 1368 qui
277 1285 369 1348 estin
390 1289 532 1348 conviviis
556 1287 763 1349 dulcissimus:
787 1310 819 1350 ut
840 1290 888 1351 sa·

203 1369 331 1448 pientius
342 1365 444 1441 nostri,
455 1367 542 1448 qulrm
551 1364 667 1441 Graeci3
678 1368 720 1428 illi
730 1369 890 1448 ημτᾶσιι,

201 1466 257 1510 aut
275 1447 433 1520 cothurn,
450 1449 481 1509 id
497 1445 558 1520 est,
575 1449 824 1528 compotationeS‚
838 1467 888 1509 aut

205 1529 463 1590 concremationes:
484 1547 538 1587 nos
559 1531 711 1602 convivia,
729 1527 809 1608 quod
824 1546 889 1588 tum

200 1609 332 1669 rumim&
349 1608 433 1668 simul
452 1610 573 1668 vivitur.
590 1607 707 1682 Vides,
727 1626 759 1668 ut
775 1627 805 1668 te
821 1608 888 1688 phi·

202 1687 388 1770 losoplrmrdo
418 1707 559 1749 revocare
587 1709 677 1749 coner
700 1687 737 1748 ad
759 1689 886 1750 coenas?

200 1768 289 1833 Cure
304 1787 336 1829 ut
354 1767 461 1830 valens.
481 1768 516 1829 ld
536 1767 608 1830 foris
623 1767 790 1830 coenitando
807 1767 890 1828 facil-

201 1850 275 1911 lime
294 1847 481 1931 consequere.
497 1848 556 1910 Sed
571 1869 661 1925 cave,
681 1852 768 1909 sime
785 1870 863 1909 arnas
874 1895 887 1922 ,

201 1929 373 2007 exillirner,
396 1950 466 2004 me,
493 1928 572 2011 quod
594 1929 721 2007 iocosius
742 1928 887 2003 scribam,

202 2009 340 2091 abjecisse
359 2031 458 2070 curam
481 2010 656 2092 reipublice.
682 2010 728 2073 Sic
749 2011 822 2084 tibi,
844 2015 887 2071 mi

201 2088 304 2167 Pete,
329 2089 495 2171 permade,
522 2083 650 2153 medies
669 2092 701 2151 &
720 2089 819 2150 cocles
837 2092 889 2149 ni·

200 2172 246 2232 hil
275 2172 354 2233 aliud
415 2190 491 2245 ere,
518 2171 589 2231 nihil
617 2189 719 2233 curare
738 2215 752 2244 ,
775 2172 831 2231 nisi
854 2188 888 2231 ut

202 2254 266 2314 mei
287 2255 365 2313 cives
404 2253 487 2326 alvi,
517 2252 658 2334 liberique
679 2256 746 2312 sint.
765 2250 887 2311 Nullum

203 2333 305 2396 locum
331 2333 521 2413 praetermitro
552 2333 721 2404 monendi,
751 2332 890 2414 agendi,

200 2412 390 2495 providendi.
421 2412 489 2474 Hoc
517 2412 642 2494 denique
671 2414 768 2472 animo
796 2412 888 2485 snm,

202 2511 266 2568 ut,
292 2497 318 2554 ri
349 2496 380 2553 in
407 2493 462 2553 hac
492 2514 560 2553 cura
591 2510 677 2573 atque
709 2490 889 2551 administra·

199 2576 286 2635 tione
313 2576 375 2636 vita
401 2574 471 2634 mihi
500 2574 640 2654 ponenda
662 2575 726 2646 sit,
750 2572 888 2653 praeclare

201 2653 433 2795 afflummecum
455 2671 568 2737 putem.
583 2653 678 2717 Etiam
696 2670 783 2734 atque
797 2652 889 2713 etiam

200 2758 224 2798 v
253 2754 282 2795 e.
