2184 3975
252 519 334 616 436
404 519 780 586 EplsrozARvM

216 670 220 685 ›
251 632 448 704 immortales,
458 648 491 692 ut
503 630 606 712 spero,
619 629 725 692 dedere
732 653 742 707 3
754 652 846 715 quam
857 642 940 695 com·¹

251 714 406 798 plessere,
422 712 567 774 obsecro:
594 714 643 792 qui
662 713 742 771 enim
772 713 940 775 Antonium

251 793 553 957 resedire
567 791 940 939 &illleii‘lffl

379 1003 572 1067 Cicero
612 1001 827 1069 Franco.

257 1139 405 1197 Ρετιτ,
434 1153 462 1186 nr
487 1139 515 1186 de
536 1137 622 1206 Lepidi
633 1138 686 1207 fide
709 1139 847 1211 significet,
866 1156 941 1209 uerum

292 1230 366 1280 remp.
380 1207 511 1278 sequatur,
538 1229 571 1260 an
589 1211 740 1262 Antonium:
760 1214 913 1280 hortaturque
930 1232 950 1272 ,·

293 1300 320 1335 ue
338 1283 450 1352 reliquias
467 1283 527 1334 belli
543 1283 671 1355 opprime.
689 1284 763 1337 Anno
783 1284 819 1337 U.
836 1289 866 1339 C.
887 1304 942 1352 7¹⁰·

261 1364 414 1499 20.er
433 1454 516 1498 erant
536 1437 657 1512 omnia,
676 1456 741 1518 quae
762 1434 846 1498 illinc
865 1435 942 1498 affe·

258 1518 421 1591 rebantur,
442 1521 573 1592 incerta,
593 1535 648 1590 ut,
670 1517 740 1598 quid
760 1518 797 1578 ad
821 1536 851 1579 te
872 1517 943 1578 scri-

213 1660 215 1664 .
260 1600 384 1671 berem,
399 1603 459 1659 noir
479 1602 661 1659 occurreret':
675 1597 769 1659 modb
783 1600 864 1659 enim
880 1621 944 1680 quae

260 1680 405 1741 vellemus
426 1680 463 1740 de
482 1678 617 1760 Lepido,
633 1678 727 1741 modb
744 1679 847 1740 contri
869 1701 945 1740 nun·

259 1759 415 1820 tiabantur.
438 1758 489 1820 De
514 1773 544 1821 te
566 1778 664 1831 tamen
682 1756 760 1820 fama
780 1757 945 1833 constans,

263 1861 318 1902 nec
336 1841 432 1920 decipi
452 1839 556 1921 polle,
576 1859 631 1902 nec
649 1842 744 1915 vinci3
759 1861 886 1923 quorum
904 1843 947 1902 al·

263 1923 352 1982 terius
376 1920 492 1991 fortuna
518 1939 632 2003 partem
657 1921 744 1982 haber
765 1922 947 2003 quamdam

264 2002 387 2064 alterum
407 2004 556 2083 proprium
572 2001 614 2063 est
630 2003 789 2083 prudentiae
805 2020 875 2066 tuae.
889 2002 949 2069 Sed

265 2087 367 2166 accepi
386 2084 493 2146 litteras
516 2105 533 2143 a
550 2085 663 2167 collega
683 2100 734 2145 tuo
751 2127 763 2156 ‚
790 2082 871 2146 datas
888 2082 950 2145 Idi·

267 2166 322 2226 bus
343 2165 447 2239 Maiis,
466 2166 611 2244 inquibus
628 2182 708 2237 erat,
727 2182 757 2225 te
781 2165 817 2224 ad
835 2164 865 2226 se
887 2164 951 2226 scri·

175 2286 180 2295 ,
268 2243 376 2327 psiise,
400 2265 417 2303 a
440 2244 555 2325 Lepido
574 2266 635 2309 non
653 2247 742 2326 recipi
761 2244 947 2307 Antonium:

291 2325 351 2386 uod
377 2327 432 2385 erit
459 2328 595 2400 certius,
627 2328 651 2386 si
671 2334 709 2387 'tu
731 2326 768 2385 ad
790 2348 847 2387 nos
871 2326 952 2388 idem

268 2347 417 2488 leripseris.
444 2404 504 2468 Sed
523 2410 617 2467 minirs
633 2406 721 2467 audes
740 2404 856 2469 fortasse
880 2429 955 2489 pro-

267 2505 334 2569 pter
356 2490 472 2549 inanem
490 2488 616 2551 laeticiam
636 2490 794 2549 litterarum
819 2486 953 2569 superio·

270 2588 347 2629 rum.
368 2568 500 2644 Veriim,
516 2585 549 2629 ur
568 2589 661 2630 errare
679 2568 731 2643 id,
752 2566 878 2644 Plance,
895 2590 954 2631 vo·

270 2647 344 2710 luisti
366 2646 456 2730 (quis
476 2652 554 2710 enim
571 2650 602 2709 id
620 2647 778 2732 effugerit)
796 2651 839 2709 sic
857 2650 955 2731 decipi

270 2747 300 2792 te
320 2750 381 2791 non
403 2728 544 2811 potuille,
563 2732 627 2811 quis
647 2750 709 2792 non
728 2730 811 2792 videt
829 2730 842 2789 ἓ
868 2729 957 2793 Nunc

271 2812 346 2873 verb
363 2812 451 2872 etiam
470 2808 529 2887 jam
550 2813 653 2873 erroris
672 2809 762 2871 causa'
772 2810 884 2873 sublata
899 2811 957 2874 est:

273 2893 359 2972 eulpa
382 2893 461 2951 enim
478 2891 527 2951 illa
549 2935 558 2965 ,
582 2893 636 2952 Bis
657 2895 698 2952 ad
714 2895 861 2967 eumdem,
885 2894 957 2956 vul·

272 2975 333 3114 pari
359 2970 542 3053 reprehensa¹
561 2973 720 3052 proverbio
743 2970 795 3035 est.
822 2971 903 3050 Sin,
925 2987 958 3037 ut

285 3050 402 3136 cripsisti
423 3054 462 3123 ad
480 3053 646 3138 collegam,
663 3056 703 3121 ita
719 3053 749 3119 se
771 3072 819 3119 res
840 3053 958 3135 habet,
