2184 3975
277 502 357 579 390
420 480 801 550 Errsrorrrwu

277 616 339 654 non
355 592 475 655 moleste
489 596 552 655 tuli.
568 592 642 654 Illud
656 592 767 668 doleo,
782 596 815 654 in
829 590 882 655 ista
895 595 956 655 loca

277 677 378 736 venire
398 696 447 735 me
470 720 481 748 ,
512 695 545 737 ut
566 673 790 746 constitueram,
815 697 878 735 non
901 697 958 756 po-

274 754 377 821 ‚tuiffez
399 753 537 817 habuisses
557 757 635 816 enim
652 775 713 814 non
730 753 899 836 hospitem,
913 755 957 815 sed

278 837 527 897 contubernalem.
555 835 598 896 At
624 854 712 915 quem
739 835 871 897 virum?
903 857 957 895 non

277 937 367 990 eum,
404 937 472 977 uem
485 935 517 976 tu
532 937 563 977 es
581 915 678 975 solitus
692 916 873 994 promulside
891 937 958 975 coo-

278 938 542 1078 ficere.lntegmm
561 994 670 1055 famem
687 994 724 1052 ad
744 1018 837 1056 ovum
856 994 960 1069 affer03

278 1079 376 1157 itiaque
405 1075 494 1156 usque
521 1075 559 1133 ad
581 1073 670 1134 assum
690 1077 848 1135 vitulinum
873 1097 960 1156 opera

301 1157 454 1215 erducitur.
481 1154 534 1214 llla
554 1175 638 1225 mea,
699 1175 724 1212 ae
742 1155 854 1217 solebas
878 1176 961 1217 antea

277 1179 416 1309 laudare,
436 1232 467 1295 O
485 1234 637 1295 hominem
667 1235 797 1296 acilem!
821 1238 841 1299 ὃ
861 1234 962 1318 hospi-

276 1335 341 1377 ¹tem
358 1337 420 1376 non
436 1316 571 1397 gravem!
593 1317 733 1376 abierunt.
746 1314 825 1377 Nam
842 1338 960 1377 omnem

278 1394 405 1457 nostram
417 1395 454 1456 de
465 1394 613 1476 republica
624 1417 737 1467 curam,
753 1400 960 1480 cogitationem

281 1478 319 1537 de
334 1477 458 1538 dicenda
473 1480 503 1536 in
516 1477 615 1538 senatu
630 1475 791 1551 sententia,
809 1499 960 1539 commen·
978 1548 980 1552 ἱ

280 1559 420 1620 tationem
444 1558 613 1631 causarum,
635 1554 804 1635 abjecimus.
834 1554 959 1639 ln'Epi-

281 1638 341 1697 curi
361 1660 415 1699 nos
437 1638 588 1699 adversarii
608 1636 695 1698 nostri
719 1636 808 1699 castra
833 1636 960 1713 conieci·

280 1739 370 1778 mus:
400 1738 454 1778 nec
478 1738 577 1779 tamen
599 1719 636 1777 ad
657 1718 731 1776 hanc
753 1716 960 1793 insolentiam

280 1794 330 1858 sed
350 1799 386 1858 ad
404 1798 482 1858 illam
498 1817 578 1859 tuam
595 1799 753 1870 lautitiam,
768 1817 902 1861 veterem
918 1799 961 1860 di-

179 1932 184 1939 ,
279 1899 336 1953 co,
351 1899 441 1959 quum
452 1884 482 1938 in
498 1878 642 1957 sumptum
656 1877 798 1939 habebas:
811 1882 867 1940 etsi
881 1901 963 1939 num-

280 1960 472 2039 quamplura
497 1960 603 2039 praedia
628 1953 756 2019 habuisti.
787 1958 913 2022 Proinde
933 1979 960 2022 te

273 2059 368 2120 rpem:
390 2058 456 2099 cum
475 2041 594 2100 homine
614 2039 695 2098 edaci
715 2041 767 2101 tibi
782 2060 830 2101 res
850 2040 916 2115 est,
931 2042 961 2101 ὃ(

281 2123 330 2198 qui
352 2120 409 2190 iam
423 2120 530 2199 aliquid
553 2121 701 2201 intelligar.
725 2118 883 2196 o'drpalair
908 2144 960 2182 au-

280 2216 341 2258 tem
365 2200 498 2259 homines
526 2200 579 2259 scis
598 2199 685 2279 qulm
714 2195 870 2260 insolentes
895 2205 961 2263 sint.

279 2277 472 2338 Dediscendae
494 2280 547 2339 tibi
576 2279 639 2339 sunt
661 2279 804 2358 sportella
828 2280 861 2339 &
880 2301 962 2342 arto·

279 2358 373 2441 lagani
400 2362 452 2420 tui.
479 2358 542 2420 Nos
563 2358 621 2439 jam
642 2362 708 2418 artis
728 2375 843 2419 tantum
867 2361 962 2423 habe·

279 2460 367 2514 mus,
391 2457 422 2501 ut
444 2440 582 2501 Verrium
601 2457 703 2513 tuum,
723 2433 932 2502 &Camillum
952 2488 961 2513 ‚

276 2522 336 2600 ,qua
360 2521 501 2581 munditid
524 2518 682 2581 homines?
707 2518 763 2598 qud
783 2519 963 2601 elegantidl

271 2622 384 2670 ,vocare
405 2601 504 2682 saepius
523 2602 688 2662 audeamus.
703 2598 763 2660 Sed
783 2600 853 2661 vide
870 2604 963 2664 auda·

280 2684 374 2742 tiam:
405 2685 491 2743 etiarn
516 2682 614 2742 Hirtio
642 2700 757 2740 coenam
783 2680 879 2756 dedi3
901 2685 961 2744 sine

269 2780 395 2844 ,pavone
412 2780 510 2822 tamen
520 2781 527 2820 τ
538 2764 569 2821 in
587 2782 624 2822 ea
637 2782 724 2821 coena
736 2780 847 2841 coquus
859 2783 960 2837 meus,

302 2862 383 2905 raeter
403 2840 446 2918 jus
468 2842 610 2914 fervens,
636 2841 706 2901 nihil
731 2845 829 2921 potuit
848 2846 961 2905 imitari.

279 2864 350 2983 llaec
377 2924 463 3005 igitur
490 2921 530 2983 est
552 2942 627 2982 nunc
656 2923 717 2983 vita
740 2920 848 2984 nostra.
872 2925 959 2986 Mane

276 3003 429 3067 salutamus
448 3003 531 3066 domi
550 3003 583 3065 δι
605 3002 700 3070 bonos
719 3005 803 3065 viros
823 3007 965 3079 multos,
