2184 3975
285 475 363 569 ‘288
434 477 814 546 Ertsrottnuu
876 520 902 529 --
938 474 941 479 ’

280 590 344 650 tule
371 632 382 664 ,
410 609 472 650 non
497 589 569 650 serb.
599 589 706 650 Primas
727 590 789 650 illas
815 585 976 650 rabiosulas

283 667 327 730 sat
348 668 440 730 fatuas
461 668 579 730 dedisti:
601 671 727 745 deinde,
746 668 828 749 quod
850 670 882 726 in
906 669 976 728 Bri·

284 752 384 812 tannia
405 771 467 811 non
485 752 572 809 nimis
590 750 740 824 φιλοθέωρον
759 763 790 808 te
807 747 975 828 praebuisti,-

308 830 375 890 lane
393 850 454 890 non
473 830 676 911 reprehendo:
692 849 769 888 nunc
789 829 865 888 vero
885 831 916 887 in
933 830 974 888 hi·

285 850 383 970 iernis
412 909 533 969 inlellus
562 909 632 967 mihi
658 909 795 969 videris:
824 910 923 988 itaque
943 927 971 968 te

285 1009 474 1050 commovere
497 1009 556 1049 non
580 1009 671 1047 curas.
697 989 902 1069 Usquequaque
917 988 971 1066 fi:-

306 1091 346 1127 ere
375 1087 507 1148 oportet:
538 1071 571 1127 id
604 1069 655 1126 erit
684 1069 768 1126 telum
800 1071 970 1130 acerrimum.

281 1091 348 1229 figo
371 1150 395 1206 si
414 1146 485 1208 foris
507 1147 702 1220 coenitarem,
733 1145 793 1208 Cn.
813 1146 970 1223 Oliavio,

284 1226 416 1287 familiari
437 1245 513 1300 tu0‚
533 1246 594 1287 non
613 1225 784 1288 defuillem:
802 1230 850 1288 cui
872 1246 969 1289 tamen

284 1307 367 1381 dixi,
388 1327 477 1387 quum
493 1327 540 1368 me
557 1308 709 1387 aliquoties
727 1310 885 1368 invitaret:
902 1307 969 1377 Oro

283 1404 336 1461 te,
359 1390 422 1468 quis
441 1405 472 1447 tu
495 1386 551 1446 es?
572 1386 631 1446 Sed
658 1387 866 1462 mehercules,
888 1405 967 1450 extra

283 1464 407 1546 jocum,
435 1466 527 1527 homo
553 1466 646 1526 bellus
674 1466 736 1527 est:
763 1467 876 1530 vellem
898 1487 970 1529 eutu-

283 1565 382 1608 tecum
395 1544 566 1608 abduxisset.
583 1545 667 1626 Quid
682 1550 794 1629 agatis,
810 1547 845 1608 δι
860 1548 967 1631 ecquid

284 1630 315 1688 in
334 1627 446 1688 ltaliam
469 1629 584 1688 venturi
609 1628 668 1687 sitis
690 1628 744 1686 hac
771 1627 870 1689 hieme
890 1670 901 1700 ‚
919 1627 966 1688 fac

284 1709 371 1788 plane
387 1707 484 1769 sciam.
502 1707 607 1768 Balbus
623 1706 693 1766 mihi
712 1706 917 1782 confirmavit,
935 1726 965 1771 te

283 1788 407 1848 divitem
422 1788 563 1848 futurum:
574 1788 605 1846 id
617 1790 712 1846 utrum
727 1786 869 1849 Romano
882 1808 965 1851 more

281 1867 394 1928 locutus
410 1870 468 1942 sit,
484 1870 560 1928 bene
575 1884 755 1927 nummatum
770 1886 800 1930 te
817 1867 963 1942 futurum,

281 1967 341 2020 an,
365 1948 516 2028 quomodo
537 1947 628 2008 Stoici
646 1947 766 2023 dicunt,
788 1951 893 2011 Omnes
915 1947 963 2029 ff

281 2030 409 2100 diuites,
441 2030 489 2107 qui
514 2030 580 2087 coelo
604 2030 632 2087 δ’
659 2030 731 2088 ιεννᾶ
743 2027 806 2108 frui
821 2029 961 2112 possint,

303 2108 380 2168 ostea
400 2108 513 2167 videro.
533 2106 598 2185 Qui
615 2106 692 2168 istinc
708 2112 852 2184 veniunt,
869 2110 961 2191 supet·

280 2130 357 2245 iiam
386 2205 466 2246 tuam
492 2188 652 2262 accusant,
684 2190 764 2269 quod
792 2208 904 2273 negent
930 2208 960 2253 te

279 2266 527 2347 pereundantibus
556 2267 760 2348 respondere:
787 2269 839 2331 sed
863 2290 958 2333 tamen

279 2344 320 2405 est
334 2347 415 2428 quod
429 2341 574 2429 gaudeas:
589 2348 698 2409 constat
713 2349 792 2409 enim
807 2352 884 2412 inter
896 2372 958 2412 om-

278 2446 350 2500 nes,
374 2432 523 2488 neminem
538 2446 568 2489 te
587 2450 646 2489 uno
665 2428 876 2495 samarobrivae
889 2429 957 2513 juris

278 2510 447 2591 peritiorem
473 2508 539 2570 elle.

355 2634 517 2701 Creuno
544 2637 765 2701 Tnuunrro
784 2637 815 2702 S.
834 2639 878 2704 D.

277 2779 369 2831 llam
388 2780 524 2829 desiderium
544 2781 607 2844 qudd
627 2778 783 2846 depofieert't,
800 2781 951 2849 gratulatur,

312 2853 335 2902 d·
357 2867 383 2900 ut
403 2850 497 2917 Castris
516 2852 642 2899 amicitiam
657 2851 738 2916 ficiat
759 2855 882 2920 plurimi,
905 2872 953 2905 mo·

310 2941 371 2981 rut,
397 2940 463 2991 quam
477 2920 619 2993 ftut‘luofam
633 2924 690 2998 ⁸(ore
709 2927 851 2995 pollicetur.
881 2929 953 2979 Anno

249 2998 251 3004 ⁴
312 2997 347 3053 U.
371 2999 398 3050 C·
417 3003 473 3072 692·

901 3079 956 3152 173
