<?xml version="1.0" encoding="UTF-8"?>
<!DOCTYPE html PUBLIC "-//W3C//DTD XHTML 1.0 Transitional//EN"
    "http://www.w3.org/TR/xhtml1/DTD/xhtml1-transitional.dtd">
<html xmlns="http://www.w3.org/1999/xhtml" xml:lang="en" lang="en">
 <head>
  <title>
</title>
<meta http-equiv="Content-Type" content="text/html;charset=utf-8" />
  <meta name='ocr-system' content='tesseract 3.04.00' />
  <meta name='ocr-capabilities' content='ocr_page ocr_carea ocr_par ocr_line ocrx_word'/>
</head>
<body>
  <div class='ocr_page' id='page_1' title='image "./mtulliiciceroni07lallgoog_0285.png"; bbox 0 0 2184 3975; ppageno 0'>
   <div class='ocr_carea' id='block_1_1' title="bbox 212 396 825 502">
    <p class='ocr_par' dir='ltr' id='par_1_1' title="bbox 212 396 825 502">
     <span class='ocr_line' id='line_1_1' title="bbox 212 396 825 502; baseline 0.024 -35"><span class='ocrx_word' id='word_1_1' title='bbox 212 396 283 468; x_wconf 80' lang='lat' dir='ltr'>An</span> <span class='ocrx_word' id='word_1_2' title='bbox 299 398 524 474; x_wconf 64' lang='lat' dir='ltr'>canum.</span> <span class='ocrx_word' id='word_1_3' title='bbox 539 401 629 476; x_wconf 73' lang='lat' dir='ltr'>Lm.</span> <span class='ocrx_word' id='word_1_4' title='bbox 646 408 722 478; x_wconf 76' lang='lat' dir='ltr'><em>VII.</em></span> <span class='ocrx_word' id='word_1_5' title='bbox 743 407 792 481; x_wconf 91' lang='lat'>28</span> <span class='ocrx_word' id='word_1_6' title='bbox 796 410 825 502; x_wconf 56' lang='grc' dir='ltr'>γ’</span> 
     </span>
    </p>
   </div>
   <div class='ocr_carea' id='block_1_2' title="bbox 136 503 822 1877">
    <p class='ocr_par' dir='ltr' id='par_1_2' title="bbox 136 503 822 1877">
     <span class='ocr_line' id='line_1_2' title="bbox 145 503 822 602; baseline 0.018 -30"><span class='ocrx_word' id='word_1_7' title='bbox 145 503 215 573; x_wconf 77' lang='lat' dir='ltr'>Mihi</span> <span class='ocrx_word' id='word_1_8' title='bbox 237 514 417 594; x_wconf 85' lang='lat' dir='ltr'>perturbatio</span> <span class='ocrx_word' id='word_1_9' title='bbox 436 517 523 579; x_wconf 79' lang='lat' dir='ltr'>animi</span> <span class='ocrx_word' id='word_1_10' title='bbox 539 519 599 591; x_wconf 90' lang='lat' dir='ltr'>tui,</span> <span class='ocrx_word' id='word_1_11' title='bbox 617 539 703 599; x_wconf 88' lang='lat' dir='ltr'>quam</span> <span class='ocrx_word' id='word_1_12' title='bbox 722 526 822 602; x_wconf 81' lang='lat' dir='ltr'>primis</span> 
     </span>
     <span class='ocr_line' id='line_1_3' title="bbox 144 591 820 677; baseline 0.016 -24"><span class='ocrx_word' id='word_1_13' title='bbox 144 591 241 653; x_wconf 87' lang='lat' dir='ltr'>litteris</span> <span class='ocrx_word' id='word_1_14' title='bbox 263 593 472 677; x_wconf 87' lang='lat' dir='ltr'>perspiciebam</span> <span class='ocrx_word' id='word_1_15' title='bbox 490 641 500 667; x_wconf 89' lang='lat'>‚</span> <span class='ocrx_word' id='word_1_16' title='bbox 526 598 686 658; x_wconf 83' lang='lat' dir='ltr'>molestiam</span> <span class='ocrx_word' id='word_1_17' title='bbox 702 605 793 664; x_wconf 82' lang='lat' dir='ltr'>attulit</span> <span class='ocrx_word' id='word_1_18' title='bbox 811 623 820 664; x_wconf 81' lang='lat' dir='ltr'>t</span> 
     </span>
     <span class='ocr_line' id='line_1_4' title="bbox 142 674 820 743; baseline 0.018 -13"><span class='ocrx_word' id='word_1_19' title='bbox 142 689 176 732; x_wconf 87' lang='lat' dir='ltr'>ne</span> <span class='ocrx_word' id='word_1_20' title='bbox 218 694 236 734; x_wconf 95' lang='lat' dir='ltr'>e</span> <span class='ocrx_word' id='word_1_21' title='bbox 265 675 321 735; x_wconf 88' lang='lat' dir='ltr'>alia</span> <span class='ocrx_word' id='word_1_22' title='bbox 338 676 396 735; x_wconf 88' lang='lat' dir='ltr'>ulia</span> <span class='ocrx_word' id='word_1_23' title='bbox 421 674 476 734; x_wconf 88' lang='lat' dir='ltr'>fuit</span> <span class='ocrx_word' id='word_1_24' title='bbox 498 675 820 743; x_wconf 80' lang='lat' dir='ltr'>causa‘intermissionis</span> 
     </span>
     <span class='ocr_line' id='line_1_5' title="bbox 140 754 821 840; baseline 0.015 -28"><span class='ocrx_word' id='word_1_25' title='bbox 140 771 157 812; x_wconf 78' lang='lat' dir='ltr'>e</span> <span class='ocrx_word' id='word_1_26' title='bbox 185 818 188 823; x_wconf 60' lang='grc'>,</span> <span class='ocrx_word' id='word_1_27' title='bbox 210 754 344 827; x_wconf 77' lang='lat' dir='ltr'>odarum,</span> <span class='ocrx_word' id='word_1_28' title='bbox 358 755 413 815; x_wconf 87' lang='lat' dir='ltr'>nisi</span> <span class='ocrx_word' id='word_1_29' title='bbox 429 757 533 836; x_wconf 75' lang='lat' dir='ltr'>quod,</span> <span class='ocrx_word' id='word_1_30' title='bbox 560 757 607 815; x_wconf 89' lang='lat' dir='ltr'>ubi</span> <span class='ocrx_word' id='word_1_31' title='bbox 626 758 719 833; x_wconf 80' lang='lat' dir='ltr'>esses,</span> <span class='ocrx_word' id='word_1_32' title='bbox 736 762 821 840; x_wconf 67' lang='lat' dir='ltr'>plane</span> 
     </span>
     <span class='ocr_line' id='line_1_6' title="bbox 140 832 822 916; baseline 0.013 -24"><span class='ocrx_word' id='word_1_33' title='bbox 140 832 312 896; x_wconf 80' lang='lat' dir='ltr'><strong>nesciebam.</strong></span> <span class='ocrx_word' id='word_1_34' title='bbox 346 835 403 895; x_wconf 88' lang='lat' dir='ltr'>Hic</span> <span class='ocrx_word' id='word_1_35' title='bbox 421 856 452 896; x_wconf 89' lang='lat' dir='ltr'>tu</span> <span class='ocrx_word' id='word_1_36' title='bbox 473 857 521 895; x_wconf 89' lang='lat' dir='ltr'>me</span> <span class='ocrx_word' id='word_1_37' title='bbox 538 840 626 897; x_wconf 89' lang='lat' dir='ltr'>etiam</span> <span class='ocrx_word' id='word_1_38' title='bbox 643 842 789 901; x_wconf 86' lang='lat' dir='ltr'>insimulas</span> <span class='ocrx_word' id='word_1_39' title='bbox 810 885 822 916; x_wconf 91' lang='lat'><strong>,</strong></span> 
     </span>
     <span class='ocr_line' id='line_1_7' title="bbox 140 912 821 1000; baseline 0.012 -27"><span class='ocrx_word' id='word_1_40' title='bbox 140 933 191 974; x_wconf 85' lang='lat' dir='ltr'>nec</span> <span class='ocrx_word' id='word_1_41' title='bbox 213 912 435 977; x_wconf 67' lang='lat' dir='ltr'>satisfadiionem</span> <span class='ocrx_word' id='word_1_42' title='bbox 456 936 553 976; x_wconf 87' lang='lat' dir='ltr'>meam</span> <span class='ocrx_word' id='word_1_43' title='bbox 573 921 689 1000; x_wconf 85' lang='lat' dir='ltr'>accipis.</span> <span class='ocrx_word' id='word_1_44' title='bbox 714 919 821 996; x_wconf 87' lang='lat' dir='ltr'>Audi,</span> 
     </span>
     <span class='ocr_line' id='line_1_8' title="bbox 139 989 820 1080; baseline 0.013 -27"><span class='ocrx_word' id='word_1_45' title='bbox 139 989 226 1056; x_wconf 80' lang='lat' dir='ltr'>Testa</span> <span class='ocrx_word' id='word_1_46' title='bbox 243 998 295 1056; x_wconf 87' lang='lat' dir='ltr'>mi.</span> <span class='ocrx_word' id='word_1_47' title='bbox 315 995 422 1057; x_wconf 82' lang='lat' dir='ltr'>Utrbm</span> <span class='ocrx_word' id='word_1_48' title='bbox 436 995 633 1077; x_wconf 86' lang='lat' dir='ltr'>superbiorem</span> <span class='ocrx_word' id='word_1_49' title='bbox 649 1018 679 1060; x_wconf 90' lang='lat' dir='ltr'>te</span> <span class='ocrx_word' id='word_1_50' title='bbox 696 1004 820 1080; x_wconf 83' lang='lat' dir='ltr'>pecunia</span> 
     </span>
     <span class='ocr_line' id='line_1_9' title="bbox 139 1071 819 1158; baseline 0.013 -25"><span class='ocrx_word' id='word_1_51' title='bbox 139 1071 205 1133; x_wconf 80' lang='lat' dir='ltr'>facit</span> <span class='ocrx_word' id='word_1_52' title='bbox 227 1119 237 1146; x_wconf 87' lang='lat'>‚</span> <span class='ocrx_word' id='word_1_53' title='bbox 272 1096 310 1136; x_wconf 85' lang='lat' dir='ltr'>an</span> <span class='ocrx_word' id='word_1_54' title='bbox 331 1077 412 1158; x_wconf 82' lang='lat' dir='ltr'>qubd</span> <span class='ocrx_word' id='word_1_55' title='bbox 433 1094 462 1137; x_wconf 94' lang='lat' dir='ltr'>te</span> <span class='ocrx_word' id='word_1_56' title='bbox 487 1078 646 1156; x_wconf 86' lang='lat' dir='ltr'>imperator</span> <span class='ocrx_word' id='word_1_57' title='bbox 666 1081 819 1144; x_wconf 73' lang='lat' dir='ltr'>consulit?</span> 
     </span>
     <span class='ocr_line' id='line_1_10' title="bbox 140 1152 818 1239; baseline 0.015 -26"><span class='ocrx_word' id='word_1_58' title='bbox 140 1152 253 1214; x_wconf 86' lang='lat' dir='ltr'>Moriar</span> <span class='ocrx_word' id='word_1_59' title='bbox 276 1157 324 1231; x_wconf 89' lang='lat' dir='ltr'>ni,</span> <span class='ocrx_word' id='word_1_60' title='bbox 344 1177 417 1238; x_wconf 67' lang='lat' dir='ltr'>qua</span> <span class='ocrx_word' id='word_1_61' title='bbox 430 1173 488 1217; x_wconf 70' lang='lat' dir='ltr'>tua=</span> <span class='ocrx_word' id='word_1_62' title='bbox 520 1158 591 1217; x_wconf 90' lang='lat' dir='ltr'>loria</span> <span class='ocrx_word' id='word_1_63' title='bbox 614 1157 676 1233; x_wconf 85' lang='lat' dir='ltr'>est,</span> <span class='ocrx_word' id='word_1_64' title='bbox 695 1172 766 1239; x_wconf 90' lang='lat' dir='ltr'>puto</span> <span class='ocrx_word' id='word_1_65' title='bbox 786 1180 818 1223; x_wconf 88' lang='lat' dir='ltr'>te</span> 
     </span>
     <span class='ocr_line' id='line_1_11' title="bbox 136 1178 820 1319; baseline 0.012 -25"><span class='ocrx_word' id='word_1_66' title='bbox 136 1235 224 1295; x_wconf 73' lang='lat' dir='ltr'>malle</span> <span class='ocrx_word' id='word_1_67' title='bbox 245 1256 264 1295; x_wconf 87' lang='lat' dir='ltr'>a</span> <span class='ocrx_word' id='word_1_68' title='bbox 285 1235 399 1314; x_wconf 70' lang='lat' dir='ltr'>Caesare</span> <span class='ocrx_word' id='word_1_69' title='bbox 419 1178 551 1310; x_wconf 47' lang='lat' dir='ltr'>consui,</span> <span class='ocrx_word' id='word_1_70' title='bbox 580 1238 667 1319; x_wconf 74' lang='lat' dir='ltr'>quam</span> <span class='ocrx_word' id='word_1_71' title='bbox 685 1240 820 1303; x_wconf 85' lang='lat' dir='ltr'>inaurari.</span> 
     </span>
     <span class='ocr_line' id='line_1_12' title="bbox 141 1312 820 1399; baseline 0.007 -25"><span class='ocrx_word' id='word_1_72' title='bbox 141 1312 168 1375; x_wconf 85' lang='lat' dir='ltr'>si</span> <span class='ocrx_word' id='word_1_73' title='bbox 182 1315 430 1399; x_wconf 82' lang='lat' dir='ltr'>verb-utrumque</span> <span class='ocrx_word' id='word_1_74' title='bbox 444 1316 503 1390; x_wconf 85' lang='lat' dir='ltr'>est3</span> <span class='ocrx_word' id='word_1_75' title='bbox 518 1321 581 1399; x_wconf 87' lang='lat' dir='ltr'>quis</span> <span class='ocrx_word' id='word_1_76' title='bbox 594 1335 624 1378; x_wconf 89' lang='lat' dir='ltr'>te</span> <span class='ocrx_word' id='word_1_77' title='bbox 639 1319 728 1393; x_wconf 84' lang='lat' dir='ltr'>feret,</span> <span class='ocrx_word' id='word_1_78' title='bbox 767 1343 820 1379; x_wconf 86' lang='lat' dir='ltr'>rae·</span> 
     </span>
     <span class='ocr_line' id='line_1_13' title="bbox 140 1343 820 1480; baseline 0.009 -26"><span class='ocrx_word' id='word_1_79' title='bbox 140 1410 275 1471; x_wconf 79' lang='lat' dir='ltr'>terme,</span> <span class='ocrx_word' id='word_1_80' title='bbox 294 1399 345 1480; x_wconf 86' lang='lat' dir='ltr'>qui</span> <span class='ocrx_word' id='word_1_81' title='bbox 361 1399 458 1458; x_wconf 91' lang='lat' dir='ltr'>omnia</span> <span class='ocrx_word' id='word_1_82' title='bbox 475 1397 550 1458; x_wconf 90' lang='lat' dir='ltr'>ferre</span> <span class='ocrx_word' id='word_1_83' title='bbox 567 1397 679 1478; x_wconf 85' lang='lat' dir='ltr'>poiium</span> <span class='ocrx_word' id='word_1_84' title='bbox 698 1399 709 1459; x_wconf 74' lang='lat' dir='ltr'>i</span> <span class='ocrx_word' id='word_1_85' title='bbox 733 1343 820 1477; x_wconf 47' lang='lat' dir='ltr'>Spedj</span> 
     </span>
     <span class='ocr_line' id='line_1_14' title="bbox 139 1476 819 1555; baseline 0.013 -22"><span class='ocrx_word' id='word_1_86' title='bbox 139 1493 169 1534; x_wconf 87' lang='lat' dir='ltr'>nt</span> <span class='ocrx_word' id='word_1_87' title='bbox 188 1476 227 1555; x_wconf 77' lang='lat' dir='ltr'>ad</span> <span class='ocrx_word' id='word_1_88' title='bbox 251 1496 315 1537; x_wconf 81' lang='lat' dir='ltr'>rent</span> <span class='ocrx_word' id='word_1_89' title='bbox 334 1479 473 1552; x_wconf 87' lang='lat' dir='ltr'>redeam,</span> <span class='ocrx_word' id='word_1_90' title='bbox 491 1496 519 1538; x_wconf 92' lang='lat' dir='ltr'>te</span> <span class='ocrx_word' id='word_1_91' title='bbox 537 1477 598 1537; x_wconf 86' lang='lat' dir='ltr'>istic</span> <span class='ocrx_word' id='word_1_92' title='bbox 618 1481 739 1539; x_wconf 87' lang='lat' dir='ltr'>invitum</span> <span class='ocrx_word' id='word_1_93' title='bbox 756 1500 819 1542; x_wconf 86' lang='lat' dir='ltr'>non</span> 
     </span>
     <span class='ocr_line' id='line_1_15' title="bbox 140 1553 821 1641; baseline 0.01 -26"><span class='ocrx_word' id='word_1_94' title='bbox 140 1553 212 1626; x_wconf 81' lang='lat' dir='ltr'>effe,</span> <span class='ocrx_word' id='word_1_95' title='bbox 223 1557 416 1619; x_wconf 86' lang='lat' dir='ltr'>vehementer</span> <span class='ocrx_word' id='word_1_96' title='bbox 428 1559 560 1641; x_wconf 81' lang='lat' dir='ltr'>gaude03</span> <span class='ocrx_word' id='word_1_97' title='bbox 574 1557 621 1631; x_wconf 89' lang='lat'>&amp;‚</span> <span class='ocrx_word' id='word_1_98' title='bbox 633 1560 745 1619; x_wconf 92' lang='lat' dir='ltr'>utillud</span> <span class='ocrx_word' id='word_1_99' title='bbox 759 1579 821 1622; x_wconf 86' lang='lat' dir='ltr'>erat</span> 
     </span>
     <span class='ocr_line' id='line_1_16' title="bbox 140 1633 820 1717; baseline 0.006 -21"><span class='ocrx_word' id='word_1_100' title='bbox 140 1633 313 1713; x_wconf 82' lang='lat' dir='ltr'>molestum,</span> <span class='ocrx_word' id='word_1_101' title='bbox 327 1642 366 1698; x_wconf 85' lang='lat' dir='ltr'>sic</span> <span class='ocrx_word' id='word_1_102' title='bbox 379 1639 436 1698; x_wconf 91' lang='lat' dir='ltr'>hoc</span> <span class='ocrx_word' id='word_1_103' title='bbox 452 1636 492 1698; x_wconf 83' lang='lat' dir='ltr'>est</span> <span class='ocrx_word' id='word_1_104' title='bbox 506 1636 675 1717; x_wconf 80' lang='lat' dir='ltr'>jucundum.</span> <span class='ocrx_word' id='word_1_105' title='bbox 690 1638 820 1700; x_wconf 80' lang='lat' dir='ltr'>Tantbm</span> 
     </span>
     <span class='ocr_line' id='line_1_17' title="bbox 141 1717 822 1803; baseline 0.013 -27"><span class='ocrx_word' id='word_1_106' title='bbox 141 1732 270 1792; x_wconf 84' lang='lat' dir='ltr'>metuo,</span> <span class='ocrx_word' id='word_1_107' title='bbox 298 1738 338 1779; x_wconf 87' lang='lat' dir='ltr'>ne</span> <span class='ocrx_word' id='word_1_108' title='bbox 364 1717 515 1779; x_wconf 86' lang='lat' dir='ltr'>artificium</span> <span class='ocrx_word' id='word_1_109' title='bbox 540 1736 622 1778; x_wconf 88' lang='lat' dir='ltr'>tuum</span> <span class='ocrx_word' id='word_1_110' title='bbox 643 1719 696 1779; x_wconf 87' lang='lat' dir='ltr'>tibi</span> <span class='ocrx_word' id='word_1_111' title='bbox 715 1740 822 1803; x_wconf 83' lang='lat' dir='ltr'>parum</span> 
     </span>
     <span class='ocr_line' id='line_1_18' title="bbox 142 1796 701 1877; baseline -0.002 -18"><span class='ocrx_word' id='word_1_112' title='bbox 142 1800 241 1877; x_wconf 78' lang='lat' dir='ltr'><strong>prosit.</strong></span> <span class='ocrx_word' id='word_1_113' title='bbox 263 1796 359 1874; x_wconf 84' lang='lat' dir='ltr'>Nam,</span> <span class='ocrx_word' id='word_1_114' title='bbox 377 1818 410 1861; x_wconf 86' lang='lat' dir='ltr'>ut</span> <span class='ocrx_word' id='word_1_115' title='bbox 428 1799 537 1873; x_wconf 88' lang='lat' dir='ltr'>audio,</span> <span class='ocrx_word' id='word_1_116' title='bbox 555 1796 633 1873; x_wconf 90' lang='lat' dir='ltr'>istic,</span> <span class='ocrx_word' id='word_1_117' title='bbox 696 1804 701 1811; x_wconf 92' lang='lat'>&#39;</span> 
     </span>
    </p>
   </div>
   <div class='ocr_carea' id='block_1_3' title="bbox 142 1921 768 2087">
    <p class='ocr_par' dir='ltr' id='par_1_3' title="bbox 142 1921 768 2087">
     <span class='ocr_line' id='line_1_19' title="bbox 142 1921 768 1994; baseline 0 -19"><span class='ocrx_word' id='word_1_118' title='bbox 142 1922 199 1975; x_wconf 78' lang='lat' dir='ltr'>Non</span> <span class='ocrx_word' id='word_1_119' title='bbox 212 1941 247 1975; x_wconf 78' lang='lat' dir='ltr'>ere</span> <span class='ocrx_word' id='word_1_120' title='bbox 257 1924 313 1992; x_wconf 76' lang='lat' dir='ltr'>jun</span> <span class='ocrx_word' id='word_1_121' title='bbox 324 1924 403 1977; x_wconf 74' lang='lat' dir='ltr'>manu&#39;</span> <span class='ocrx_word' id='word_1_122' title='bbox 414 1921 543 1993; x_wconf 76' lang='lat' dir='ltr'>consertum</span> <span class='ocrx_word' id='word_1_123' title='bbox 552 1959 561 1982; x_wconf 89' lang='lat'><em>,</em></span> <span class='ocrx_word' id='word_1_124' title='bbox 571 1921 616 1994; x_wconf 77' lang='lat' dir='ltr'>sed</span> <span class='ocrx_word' id='word_1_125' title='bbox 628 1939 693 1993; x_wconf 75' lang='lat' dir='ltr'>mage</span> <span class='ocrx_word' id='word_1_126' title='bbox 699 1922 768 1991; x_wconf 79' lang='lat' dir='ltr'>ferro</span> 
     </span>
     <span class='ocr_line' id='line_1_20' title="bbox 143 2017 338 2087; baseline 0.005 -18"><span class='ocrx_word' id='word_1_127' title='bbox 143 2017 199 2076; x_wconf 67' lang='lat' dir='ltr'>Rem</span> <span class='ocrx_word' id='word_1_128' title='bbox 213 2034 338 2087; x_wconf 78' lang='lat' dir='ltr'>repetunt.</span> 
     </span>
    </p>
   </div>
   <div class='ocr_carea' id='block_1_4' title="bbox 91 2123 825 3076">
    <p class='ocr_par' dir='ltr' id='par_1_4' title="bbox 91 2123 825 3076">
     <span class='ocr_line' id='line_1_21' title="bbox 143 2123 822 2189; baseline -0.001 -2"><span class='ocrx_word' id='word_1_129' title='bbox 143 2123 178 2189; x_wconf 83' lang='lat' dir='ltr'>Et</span> <span class='ocrx_word' id='word_1_130' title='bbox 194 2146 227 2189; x_wconf 92' lang='lat' dir='ltr'>tu</span> <span class='ocrx_word' id='word_1_131' title='bbox 246 2127 323 2189; x_wconf 87' lang='lat' dir='ltr'>soles</span> <span class='ocrx_word' id='word_1_132' title='bbox 343 2128 379 2188; x_wconf 83' lang='lat' dir='ltr'>ad</span> <span class='ocrx_word' id='word_1_133' title='bbox 398 2128 460 2188; x_wconf 84' lang='lat' dir='ltr'>vim</span> <span class='ocrx_word' id='word_1_134' title='bbox 478 2125 640 2189; x_wconf 89' lang='lat' dir='ltr'>faciendam</span> <span class='ocrx_word' id='word_1_135' title='bbox 659 2125 788 2187; x_wconf 84' lang='lat' dir='ltr'>adhiberi</span> <span class='ocrx_word' id='word_1_136' title='bbox 807 2124 822 2186; x_wconf 72' lang='grc' dir='ltr'><strong><em>ἓ</em></strong></span> 
     </span>
     <span class='ocr_line' id='line_1_22' title="bbox 143 2204 823 2291; baseline 0 -24"><span class='ocrx_word' id='word_1_137' title='bbox 143 2204 246 2291; x_wconf 86' lang='lat' dir='ltr'>Neque</span> <span class='ocrx_word' id='word_1_138' title='bbox 266 2208 333 2283; x_wconf 87' lang='lat' dir='ltr'>est,</span> <span class='ocrx_word' id='word_1_139' title='bbox 359 2209 439 2288; x_wconf 84' lang='lat' dir='ltr'>qubd</span> <span class='ocrx_word' id='word_1_140' title='bbox 463 2208 541 2268; x_wconf 91' lang='lat' dir='ltr'>illam</span> <span class='ocrx_word' id='word_1_141' title='bbox 566 2209 770 2287; x_wconf 87' lang='lat' dir='ltr'>exceptionem</span> <span class='ocrx_word' id='word_1_142' title='bbox 790 2209 823 2267; x_wconf 85' lang='lat' dir='ltr'>in</span> 
     </span>
     <span class='ocr_line' id='line_1_23' title="bbox 143 2287 825 2369; baseline -0.001 -21"><span class='ocrx_word' id='word_1_143' title='bbox 143 2288 291 2350; x_wconf 71' lang='lat' dir='ltr'>interdicio</span> <span class='ocrx_word' id='word_1_144' title='bbox 316 2287 498 2369; x_wconf 87' lang='lat' dir='ltr'>pertimescas</span> <span class='ocrx_word' id='word_1_145' title='bbox 516 2334 525 2361; x_wconf 91' lang='lat'>‚</span> <span class='ocrx_word' id='word_1_146' title='bbox 548 2290 633 2369; x_wconf 72' lang='lat' dir='ltr'>Quod</span> <span class='ocrx_word' id='word_1_147' title='bbox 648 2308 677 2347; x_wconf 83' lang='lat' dir='ltr'>m</span> <span class='ocrx_word' id='word_1_148' title='bbox 696 2291 772 2365; x_wconf 83' lang='lat' dir='ltr'>prior</span> <span class='ocrx_word' id='word_1_149' title='bbox 793 2289 825 2347; x_wconf 81' lang='lat' dir='ltr'>vi</span> 
     </span>
     <span class='ocr_line' id='line_1_24' title="bbox 143 2366 824 2430; baseline -0.004 0"><span class='ocrx_word' id='word_1_150' title='bbox 143 2370 294 2430; x_wconf 75' lang='lat' dir='ltr'>bominibus</span> <span class='ocrx_word' id='word_1_151' title='bbox 314 2372 429 2429; x_wconf 83' lang='lat' dir='ltr'>armaris</span> <span class='ocrx_word' id='word_1_152' title='bbox 443 2393 497 2429; x_wconf 85' lang='lat' dir='ltr'>non</span> <span class='ocrx_word' id='word_1_153' title='bbox 516 2370 642 2427; x_wconf 82' lang='lat' dir='ltr'>veneris:</span> <span class='ocrx_word' id='word_1_154' title='bbox 665 2366 723 2426; x_wconf 86' lang='lat' dir='ltr'>scio</span> <span class='ocrx_word' id='word_1_155' title='bbox 742 2367 824 2427; x_wconf 87' lang='lat' dir='ltr'>enim</span> 
     </span>
     <span class='ocr_line' id='line_1_25' title="bbox 91 2444 822 2530; baseline -0.01 -16"><span class='ocrx_word' id='word_1_156' title='bbox 91 2481 93 2514; x_wconf 83' lang='grc' dir='ltr'>ε</span> <span class='ocrx_word' id='word_1_157' title='bbox 144 2464 170 2510; x_wconf 87' lang='lat' dir='ltr'>te</span> <span class='ocrx_word' id='word_1_158' title='bbox 188 2471 250 2511; x_wconf 88' lang='lat' dir='ltr'>non</span> <span class='ocrx_word' id='word_1_159' title='bbox 271 2448 327 2511; x_wconf 76' lang='lat' dir='ltr'>effe</span> <span class='ocrx_word' id='word_1_160' title='bbox 350 2468 503 2530; x_wconf 87' lang='lat' dir='ltr'>procacem</span> <span class='ocrx_word' id='word_1_161' title='bbox 523 2451 551 2507; x_wconf 89' lang='lat' dir='ltr'>in</span> <span class='ocrx_word' id='word_1_162' title='bbox 573 2444 745 2508; x_wconf 83' lang='lat' dir='ltr'>laceffendo.</span> <span class='ocrx_word' id='word_1_163' title='bbox 762 2446 822 2509; x_wconf 86' lang='lat' dir='ltr'>Sed</span> 
     </span>
     <span class='ocr_line' id='line_1_26' title="bbox 143 2525 824 2628; baseline -0.006 -37"><span class='ocrx_word' id='word_1_164' title='bbox 143 2546 173 2591; x_wconf 89' lang='lat' dir='ltr'>ut</span> <span class='ocrx_word' id='word_1_165' title='bbox 190 2550 249 2628; x_wconf 70' lang='lat' dir='ltr'>ego</span> <span class='ocrx_word' id='word_1_166' title='bbox 271 2525 396 2614; x_wconf 78' lang='lat' dir='ltr'>quoque</span> <span class='ocrx_word' id='word_1_167' title='bbox 409 2548 439 2590; x_wconf 87' lang='lat' dir='ltr'>te</span> <span class='ocrx_word' id='word_1_168' title='bbox 463 2528 572 2610; x_wconf 88' lang='lat' dir='ltr'>aliquid</span> <span class='ocrx_word' id='word_1_169' title='bbox 593 2528 765 2588; x_wconf 87' lang='lat' dir='ltr'>admoneam</span> <span class='ocrx_word' id='word_1_170' title='bbox 785 2527 824 2587; x_wconf 86' lang='lat' dir='ltr'>de</span> 
     </span>
     <span class='ocr_line' id='line_1_27' title="bbox 143 2606 824 2672; baseline -0.012 0"><span class='ocrx_word' id='word_1_171' title='bbox 143 2609 242 2672; x_wconf 68' lang='lat' dir='ltr'>nostru</span> <span class='ocrx_word' id='word_1_172' title='bbox 254 2612 452 2671; x_wconf 81' lang='lat' dir='ltr'>cautionibus:</span> <span class='ocrx_word' id='word_1_173' title='bbox 465 2608 605 2669; x_wconf 84' lang='lat' dir='ltr'>Treviros</span> <span class='ocrx_word' id='word_1_174' title='bbox 619 2611 691 2669; x_wconf 82' lang='lat' dir='ltr'>vites</span> <span class='ocrx_word' id='word_1_175' title='bbox 700 2606 824 2668; x_wconf 76' lang='lat' dir='ltr'>censeo:</span> 
     </span>
     <span class='ocr_line' id='line_1_28' title="bbox 146 2688 823 2771; baseline -0.012 -21"><span class='ocrx_word' id='word_1_176' title='bbox 146 2692 228 2752; x_wconf 88' lang='lat' dir='ltr'>audio</span> <span class='ocrx_word' id='word_1_177' title='bbox 249 2691 386 2771; x_wconf 88' lang='lat' dir='ltr'>capitales</span> <span class='ocrx_word' id='word_1_178' title='bbox 405 2688 481 2750; x_wconf 83' lang='lat' dir='ltr'>effe:</span> <span class='ocrx_word' id='word_1_179' title='bbox 501 2689 618 2749; x_wconf 88' lang='lat' dir='ltr'>mallem</span> <span class='ocrx_word' id='word_1_180' title='bbox 633 2711 724 2760; x_wconf 86' lang='lat' dir='ltr'>auro,</span> <span class='ocrx_word' id='word_1_181' title='bbox 746 2704 823 2755; x_wconf 88' lang='lat' dir='ltr'>aere,</span> 
     </span>
     <span class='ocr_line' id='line_1_29' title="bbox 192 2760 823 2844; baseline -0.016 -11"><span class='ocrx_word' id='word_1_182' title='bbox 192 2789 264 2833; x_wconf 89' lang='lat' dir='ltr'>ento</span> <span class='ocrx_word' id='word_1_183' title='bbox 291 2768 396 2831; x_wconf 78' lang='lat' dir='ltr'>essent..</span> <span class='ocrx_word' id='word_1_184' title='bbox 418 2769 476 2829; x_wconf 88' lang='lat' dir='ltr'>Sed</span> <span class='ocrx_word' id='word_1_185' title='bbox 500 2770 567 2829; x_wconf 78' lang='lat' dir='ltr'>aliis</span> <span class='ocrx_word' id='word_1_186' title='bbox 589 2766 758 2844; x_wconf 73' lang='lat' dir='ltr'>iocabimur.</span> <span class='ocrx_word' id='word_1_187' title='bbox 773 2760 823 2823; x_wconf 91' lang='lat' dir='ltr'>Tu</span> 
     </span>
     <span class='ocr_line' id='line_1_30' title="bbox 146 2845 825 2913; baseline -0.015 -3"><span class='ocrx_word' id='word_1_188' title='bbox 146 2872 162 2910; x_wconf 87' lang='lat' dir='ltr'>a</span> <span class='ocrx_word' id='word_1_189' title='bbox 196 2872 245 2913; x_wconf 87' lang='lat' dir='ltr'>me</span> <span class='ocrx_word' id='word_1_190' title='bbox 265 2852 303 2911; x_wconf 93' lang='lat' dir='ltr'>de</span> <span class='ocrx_word' id='word_1_191' title='bbox 321 2849 378 2909; x_wconf 87' lang='lat' dir='ltr'>istis</span> <span class='ocrx_word' id='word_1_192' title='bbox 396 2849 480 2910; x_wconf 88' lang='lat' dir='ltr'>rebus</span> <span class='ocrx_word' id='word_1_193' title='bbox 498 2850 632 2908; x_wconf 88' lang='lat' dir='ltr'>omnibus</span> <span class='ocrx_word' id='word_1_194' title='bbox 651 2845 825 2907; x_wconf 86' lang='lat' dir='ltr'>scribas-ve·</span> 
     </span>
     <span class='ocr_line' id='line_1_31' title="bbox 147 2920 825 3072; baseline -0.009 -79"><span class='ocrx_word' id='word_1_195' title='bbox 147 2930 303 3072; x_wconf 52' lang='lat' dir='ltr'>iffiquim</span> <span class='ocrx_word' id='word_1_196' title='bbox 323 2931 552 3015; x_wconf 76' lang='lat' dir='ltr'>diligentissime.</span> <span class='ocrx_word' id='word_1_197' title='bbox 574 2929 616 2993; x_wconf 75' lang='lat' dir='ltr'>A.</span> <span class='ocrx_word' id='word_1_198' title='bbox 635 2928 665 2990; x_wconf 88' lang='lat' dir='ltr'>d.</span> <span class='ocrx_word' id='word_1_199' title='bbox 678 2944 724 2987; x_wconf 83' lang='lat' dir='ltr'>tv.</span> <span class='ocrx_word' id='word_1_200' title='bbox 741 2920 825 2987; x_wconf 79' lang='lat' dir='ltr'>Non·</span> 
     </span>
     <span class='ocr_line' id='line_1_32' title="bbox 195 3030 230 3076; baseline 0 0"><span class='ocrx_word' id='word_1_201' title='bbox 195 3030 230 3076; x_wconf 70' lang='lat' dir='ltr'>l&#39;i·</span> 
     </span>
    </p>
   </div>
   <div class='ocr_carea' id='block_1_5' title="bbox 852 3152 1007 3425">
    <p class='ocr_par' dir='ltr' id='par_1_5' title="bbox 852 3152 1007 3425">
     <span class='ocr_line' id='line_1_33' title="bbox 852 3152 1007 3425; baseline 0 -257"><span class='ocrx_word' id='word_1_202' title='bbox 852 3152 1007 3425; x_wconf 50' lang='grc' dir='ltr'>Γ.</span> 
     </span>
    </p>
   </div>
   <div class='ocr_carea' id='block_1_6' title="bbox 0 0 1098 3975">
    <p class='ocr_par' dir='ltr' id='par_1_6' title="bbox 0 0 1098 3975">
     <span class='ocr_line' id='line_1_34' title="bbox 0 0 1098 3975; baseline 0 0"><span class='ocrx_word' id='word_1_203' title='bbox 0 0 1098 3975; x_wconf 95' lang='lat' dir='ltr'> </span> 
     </span>
    </p>
   </div>
  </div>
 </body>
</html>
