2184 3975
231 335 304 407 Au
316 338 725 412 Fanniammdx
753 359 828 436 355

143 449 180 513 ἀ
203 451 242 523 sn¹
261 449 397 533 pnslridie
421 451 506 511 mane
526 452 565 512 ad
589 469 620 514 te
640 457 746 517 iturum
770 457 829 520 elle

144 530 279 606 dixissen
298 532 358 591 dixi
377 534 405 592 ei
425 552 474 592 mc
491 531 623 592 daturum
640 537 746 618 aliquid
763 559 831 599 ma.

141 614 211 689 μὴ
235 632 268 675 uc
285 631 418 693 peteret,
440 615 563 693 rogavi:
584 614 738 694 conscripsi
755 620 830 698 apis-

142 694 238 755 nolam
257 691 362 766 noslu3
378 712 433 752 nec
451 694 500 753 ille
523 694 560 753 ad
575 715 624 754 me
642 697 742 756 rediit:
756 701 833 759 obli-

144 792 210 836 tum
238 773 360 836 credidi.
390 774 530 834 Attamen
560 794 626 834 eam
657 776 747 858 ipsam
778 779 831 839 tibi

144 852 300 936 epistolam
320 850 455 914 misissem
480 875 664 935 permees,
698 859 753 917 nisi
774 879 831 918 au·-

145 935 247 997 dislcm
273 955 311 996 ex
334 934 461 1008 eodem,
485 932 620 1015 postridie
647 953 677 998 te
704 941 790 1000 mane
811 960 829 1002 e

144 1013 311 1076 Tusculano
334 1017 486 1077 exiturum.
504 1017 545 1076 At
559 1016 612 1075 tibi
626 1019 746 1096 repente
759 1042 830 1099 pau-

144 1095 187 1156 cis
208 1093 274 1178 phil
292 1095 415 1168 diebus,
433 1116 523 1176 quum
539 1098 659 1157 minime
680 1099 832 1180 exspesia-

145 1197 234 1251 rem,
251 1179 333 1239 uenit
352 1176 389 1237 ad
408 1197 456 1236 me
475 1173 615 1237 Caninius
640 1179 745 1251 man&
761 1202 831 1259 pro-

145 1255 236 1318 ficisci
256 1257 293 1317 ad
316 1275 346 1318 te
362 1255 455 1318 slatim
473 1257 557 1318 dixit.
579 1256 642 1317 Etsi
657 1278 717 1319 erat
737 1261 831 1329 iuno·

142 1338 197 1398 illa
219 1335 363 1417 epistula,
380 1336 537 1419 prasertim
556 1341 640 1398 tantis
657 1337 756 1419 postea
775 1361 832 1398 no·

141 1418 294 1491 vis-rebus
315 1418 434 1493 allatis,
461 1436 560 1484 tamen
579 1422 673 1500 perire
694 1417 830 1479 lucubra-

143 1501 259 1560 tionem
281 1519 378 1559 meam
405 1500 509 1576 nolui,
534 1519 600 1560 eam
621 1499 710 1580 ipsam
734 1499 832 1560 Cani·

142 1581 196 1642 nio
214 1579 301 1640 dedi:
317 1579 366 1640 sed
382 1600 449 1639 cum
463 1601 522 1653 eo,
539 1581 571 1638 &
588 1581 707 1642 homine
723 1579 830 1654 dodo,

141 1660 178 1721 ὃ(
197 1661 241 1722 tui
262 1663 456 1720 amantissimo
476 1660 588 1720 locutus
609 1680 644 1721 ea
666 1661 746 1733 sum,
764 1681 829 1741 quae

142 1737 290 1822 pertulisse
310 1741 390 1800 illum
412 1740 449 1799 ad
472 1757 501 1800 te
521 1740 663 1801 exillimo.
684 1740 754 1802 Tibi
773 1762 831 1800 au·

146 1836 211 1880 tem
223 1821 302 1881 idem
319 1821 432 1881 consilii
444 1820 503 1894 do,
523 1820 603 1900 quod
623 1822 833 1901 mihimetipsi,

143 1916 178 1962 ut
199 1903 326 1962 vitemus
345 1901 446 1962 oculos
468 1901 619 1960 hominum
635 1946 648 1972 ‚
672 1906 696 1960 si
719 1904 759 1960 lin
799 1923 833 1960 as

142 1981 241 2042 minus
258 1978 344 2041 facile
362 1978 517 2062 possumus.
544 1978 609 2058 Qui
630 1982 709 2040 enim
731 1922 831 2041 vigh-

142 2061 187 2123 rid
209 2060 240 2123 se
261 2060 401 2135 efferunt,
425 2065 506 2142 quasi
528 2060 620 2122 vidlos
642 2082 695 2121 nos
713 2065 831 2123 intuen-

144 2160 222 2215 tur,
251 2145 301 2222 qui
323 2162 418 2203 autem
434 2142 526 2203 vidos
548 2142 604 2204 esse
627 2142 739 2203 nostros
757 2165 830 2203 mo·

143 2220 214 2285 leste
235 2220 349 2299 ferum,
371 2244 426 2283 nos
447 2222 549 2283 dolent
568 2226 680 2283 vivere.
702 2223 829 2301 Quaeres

144 2301 284 2378 sortasse,
309 2325 380 2379 cur,
405 2324 495 2385 quum
515 2303 578 2361 hacc
599 2305 628 2361 in
653 2303 723 2363 urbe
743 2303 828 2378 sinc,

144 2405 208 2445 non
229 2384 344 2457 absim,
364 2382 612 2466 quemadmodum
630 2401 671 2442 tu.
688 2381 735 2442 Tu
747 2386 828 2444 enim

144 2464 206 2547 ipse
217 2505 236 2540 ,-
247 2469 296 2546 qui
316 2465 349 2526 &
365 2486 431 2539 me,
452 2464 484 2525 δι
502 2464 574 2523 alios
591 2464 745 2544 prudentii
761 2466 830 2525 vin-

147 2548 213 2620 cis,
231 2545 348 2620 omnia,
367 2544 478 2619 credo,
495 2543 609 2607 vidisti:
630 2545 700 2604 nihil
718 2560 748 2604 te
764 2562 829 2604 om-

143 2630 217 2687 nino
238 2625 352 2689 sesellit.
377 2624 457 2706 Quis
480 2625 522 2686 est
541 2643 601 2686 tam
618 2624 761 2704 lynceus,
779 2624 833 2701 qui

146 2708 177 2767 in
192 2710 279 2767 tantis
295 2708 422 2769 tenebris
439 2707 509 2767 nihil
525 2705 674 2776 offendat,
690 2703 833 2781 nusquam

146 2788 297 2849 incurrat?
322 2787 370 2848 Ac
391 2788 462 2848 mihi
486 2788 610 2928 qpidem
633 2782 834 2864 jampridem

467 2913 477 2944 2

526 2869 616 2929 ellum
644 2862 700 2926 elle
730 2861 833 2944 aliquh

147 2871 229 2932 venit
254 2871 286 2930 in
317 2888 449 2931 mentem
