2184 3975
275 502 579 573 AnFamttan.
591 502 673 573 Liri.
687 504 784 572 VIII.
812 523 884 599 321

202 619 316 680 habitus
337 615 399 696 effet
419 620 460 676 ad
477 617 639 699 Apollinis,
662 641 690 677 a.
708 624 736 680 d.
752 639 796 680 x1.
815 622 890 681 Kal.

201 697 281 760 Sext.
307 699 335 759 δ’
359 694 499 776 'refirretur
522 701 556 757 de
572 702 708 779 stipendia
735 704 785 761 Cn.
803 705 888 761 Pon·

199 782 277 860 peii‚
301 777 491 916 mentiofriia
512 782 546 859 est
563 781 596 836 de
615 780 719 860 legione
737 802 770 840 ea
783 825 792 853 ,
805 803 887 860 quam

200 860 348 942 expensam
372 876 403 918 tu
415 861 439 918 it
457 859 491 920 C.
512 859 611 939 caſsari
636 861 808 938 Pompeius,
832 883 887 940 qua

200 961 311 1001 numero
343 937 429 1018 effa,
459 961 512 1017 quo
539 957 726 1020 appeteretur:
750 961 829 1018 quum
851 962 887 999 ex

202 1021 304 1082 Gallia
325 1022 433 1080 caat‘lus
451 1018 512 1097 effer
530 1021 617 1078 dicere
634 1023 783 1102 Pompeius
791 1021 822 1099 se
843 1021 888 1079 le-

199 1104 305 1182 gionem
330 1101 533 1170 aidue‘lurum,
560 1100 613 1180 fed
639 1124 693 1161 non
718 1104 809 1183 statim
830 1101 886 1179 sub

200 1184 394 1254 retentionem,
428 1182 455 1240 θ
486 1183 639 1240 convicium
671 1183 885 1242 obtrectatorum.

200 1263 268 1322 Inde
285 1265 464 1342 interrogatus
479 1263 512 1318 de
519 1259 691 1339 fitccessione
703 1265 734 1322 C.
751 1262 884 1338 Cafitris:

201 1343 233 1401 de
253 1364 338 1423 qua,
363 1341 413 1400 itae
431 1343 484 1422 efl,
506 1342 539 1399 de
557 1343 730 1422 provinciis,
747 1343 885 1422 placitum

200 1425 234 1505 est
244 1467 258 1495 ,
281 1441 313 1483 ut
332 1423 412 1501 quint
429 1421 546 1501 primiim
565 1424 605 1480 ad
625 1423 714 1480 urbem
740 1439 885 1481 revertere·

199 1521 245 1564 tur
264 1505 317 1565 Cn.
333 1503 481 1582 Pompeius
490 1523 506 1573 ;
526 1519 557 1560 ut
570 1523 661 1562 corant
680 1525 710 1561 ιο
727 1503 760 1560 de
772 1501 884 1580 fiecees·

199 1586 275 1645 tione
289 1584 496 1664 provinciarum
513 1601 645 1657 ageremr.
674 1587 751 1643 Nam
773 1584 886 1642 Arimi-

197 1686 262 1726 num
285 1666 327 1723 ad
349 1663 494 1725 exercitum
516 1664 667 1743 Pompeius
689 1681 747 1722 erat
765 1665 883 1723 iturus:

200 1746 339 1826 &statim
357 1746 403 1804 iit.
427 1745 502 1803 Puta
524 1742 598 1803 tait.
621 1745 723 1804 Sextii·
743 1745 776 1802 de
799 1766 830 1802 ea
854 1764 883 1803 re

197 1824 298 1902 stilum
312 1826 358 1886 iri.
372 1822 498 1904 Profettt
512 1843 562 1882 aut
576 1827 739 1905 transigetur
751 1824 883 1901 aliquid,

199 1926 247 1967 aut
272 1907 388 1988 turpiter
412 1906 598 1964 intercedetur.
629 1909 705 1964 Narn
728 1907 757 1963 in
785 1905 882 1984 dispu-

198 1990 284 2048 tanda
303 1981 418 2065 conjecit
435 1986 513 2045 illam
534 2007 625 2046 vacent
643 1990 692 2046 Cn.
715 1989 861 2063 Pompeius
870 2029 883 2056 ,

199 2065 316 2130 Omnes
339 2083 476 2149 oportere
499 2064 609 2126 senatui
632 2065 706 2126 (1ὶὲὶο
733 2066 882 2125 audientes

198 2146 267 2212 effe·
290 2150 353 2230 Ego
378 2167 470 2208 tamen
489 2149 531 2205 sic
553 2147 625 2206 nihil
650 2146 797 2226 exspem,
828 2167 880 2224 quo

198 2231 278 2290 mado
295 2229 420 2290 Paulum
436 2227 569 2307 consulem
584 2229 751 2308 designatum
764 2229 882 2307 primurn

191 2308 356 2391 sententiare
373 2311 513 2368 dicentem.
537 2311 646 2388 Sapires
660 2328 685 2367 te
702 2310 830 2366 adraoneo
848 2310 881 2366 de

194 2390 355 2472 syngrapha
376 2386 517 2449 Sittiana:
539 2392 619 2469 cupio
641 2392 709 2448 enim
729 2408 753 2446 te
774 2389 883 2446 intelli-

195 2493 276 2552 gere,
295 2490 424 2529 cararent
444 2470 484 2527 ad
503 2490 543 2526 rne
558 2469 640 2527 valde
653 2469 795 2547 pertinere.
812 2468 882 2528 Itent

197 2553 231 2610 de
247 2552 412 2633 pantheris,
429 2566 459 2607 ut
474 2548 622 2625 Cybiratas
642 2545 777 2624 arceffies,
794 2549 883 2628 eures·

197 2653 249 2711 que
270 2632 338 2690 milri
356 2648 388 2689 ut
407 2628 549 2690 vehantur.
577 2632 710 2689 Praeerea
728 2633 882 2687 nuntiatum

197 2711 293 2783 nobis,
311 2712 339 2769 6·
354 2730 404 2787 pro
419 2726 490 2768 certo
500 2707 559 2784 jam
575 2710 704 2779 iubetur,
717 2731 744 2766 re
761 2728 799 2764 ern
816 2708 883 2766 Ate·

195 2793 367 2851 xandrinurre
387 2808 541 2849 mortuum:
584 2792 635 2849 uid
652 2790 721 2847 rnihi
731 2732 854 2867 iudeus
867 2828 883 2855 ,

196 2874 334 2953 quomodo
348 2891 457 2949 regnunt
473 2870 546 2929 illud
573 2893 585 2928 e
602 2871 720 2940 habeat,
755 2869 798 2925 uis
812 2886 881 2944 pro·

195 2970 287 3030 curet,
302 2952 447 3040 diligenter
463 2951 529 3013 milti
542 2951 705 3036 perscribas.
721 2892 792 3009 liat.
810 2948 880 3011 Sex.
