2184 3975
294 469 805 540 Aornnnrmmrmtstll.
829 488 905 566 337

222 597 270 647 'erut
289 584 481 646 contumeliosi
498 601 597 663 praeter
618 607 664 644 eos
687 589 726 644 ad
749 587 837 645 alium
864 609 908 647 res

223 666 436 745 transferatur,
469 666 577 724 omnino
593 664 716 743 finarum
738 668 831 727 haberi
851 691 908 727 no·

220 748 281 808 iunt
293 743 312 820 ,·’
336 747 417 826 resque
447 745 500 818 ιὸ,
530 761 563 802 ut
611 765 687 803 arum
713 748 856 828 diligentes
875 750 907 809 in

220 846 247 888 re
266 827 362 887 oblico
382 827 549 888 videantur:
582 827 617 883 ed
634 827 756 906 honesti,
775 830 834 886 sive
853 851 907 887 ne·

217 849 372 993 pigenda,
393 909 453 967 siue
474 905 573 964 inertia
593 908 729 985 efi,sive
745 908 811 980 ille,
828 929 906 986 quem

214 989 367 1070 proposui,
386 1004 492 1059 merres,
508 985 577 1045 latet
583 986 636 1062 fieb
653 988 706 1045 hac
724 990 906 1067 temperantia

219 1068 438 1150 existimatione,
456 1067 534 1124 nolle
555 1067 738 1145 provinciam.
759 1067 787 1127 A
806 1084 832 1124 te
851 1069 906 1128 lit·

218 1166 280 1208 tern
299 1170 356 1208 non
376 1163 504 1208 venerunt
513 1166 527 1217 ;
552 1147 579 1204 fe
589 1189 601 1217 ,
621 1148 676 1205 nisi
695 1144 826 1226 Dejotori
840 1149 905 1227 fiebss

212 1229 313 1308 secute:
342 1226 453 1307 effert,
477 1228 506 1285 in
531 1248 590 1284 earn
608 1228 761 1306 opinionem
788 1229 908 1294 Cassius,

217 1326 353 1380 venerut,
379 1330 437 1388 qun
463 1305 614 1386 diripuiffit
630 1307 705 1386 ipse,
727 1327 757 1367 ut
774 1310 903 1368 videreni

216 1406 262 1449 tur
283 1391 319 1448 ab
342 1391 411 1470 hoste
432 1387 536 1466 vastato
556 1430 566 1458 ‚
586 1386 696 1464 finxiffe
719 1388 847 1461 bellum,
873 1391 902 1450 θ’

215 1470 334 1531 Arabos
361 1471 392 1528 in
416 1467 588 1548 prouinciam
617 1465 778 1544 immisrffe,
805 1469 901 1548 eosque

214 1550 338 1610 Parthos
367 1546 445 1626 effe,
468 1547 580 1626 senatui
609 1545 779 1625 renuntiaffe.
806 1552 901 1627 Quare

215 1630 265 1690 tibi
281 1630 413 1709 suadeo,
439 1628 599 1707 quicumque
616 1630 651 1708 est
671 1630 727 1708 istic
741 1630 832 1707 fietus
851 1651 900 1688 re-

214 1731 303 1781 rum,
334 1709 478 1789 diiigenter
502 1707 530 1767 6·
556 1709 633 1766 ca'uti
654 1707 835 1787 perscribas,
865 1733 900 1769 ne

213 1807 264 1850 eret
281 1789 437 1868 velificatus
454 1789 542 1847 alicui
558 1789 687 1859 dicaris;
701 1807 752 1847 aut
768 1790 898 1868 aliquid,

209 1871 289 1951 ,quod
309 1867 416 1950 referret
430 1867 527 1948 scire,
555 1866 694 1945 reticuiffe.
721 1872 807 1929 Nunc
830 1873 898 1931 exi-

213 1968 258 2011 tus
276 1952 312 2032 est
330 1952 397 2010 enni
418 1971 432 2022 ;
464 1968 527 2009 nem
548 1971 596 2030 ego
619 1950 673 2008 -hos
690 1950 796 2009 litterae
814 1972 844 2012 a.
865 1955 899 2013 de
968 1994 972 1998 -

212 2045 284 2093 xlv.
320 2028 392 2091 Kal.
419 2030 549 2090 Decemb.
569 2028 679 2111 scripsi.
707 2030 799 2089 Plani
824 2033 901 2092 nihii

212 2114 293 2175 uideo
310 2130 373 2171 anre
389 2111 460 2171 Kal.
478 2114 545 2174 Ian.
564 2112 610 2189 agi
619 2107 702 2188 poffe.
720 2113 800 2189 Nosti
812 2114 898 2171 Mar·

211 2194 335 2263 cellum,
370 2192 432 2251 ua‘rn
449 2193 544 2250 tardus
562 2191 589 2249 (r
602 2210 702 2270 parum
718 2190 817 2270 efficax
833 2194 896 2264 sit,·

210 2276 327 2352 itemque
348 2214 494 2345 ierutzun,
536 2270 600 2329 uim
622 2275 767 2330 cunnaeor.
792 2269 895 2353 Cujuss·

210 2355 285 2413 modi
305 2368 392 2433 putas
416 2352 466 2411 ios
497 2294 578 2428 mfe?
600 2371 650 2416 aut
670 2354 792 2433 quiid,
819 2357 896 2430 quod

209 2434 320 2505 nolint,
343 2432 471 2509 conficere
486 2428 560 2511 poffe
571 2475 583 2501 ,
604 2434 652 2509 qui
672 2451 729 2509 qun
747 2434 860 2511 cupiunt
879 2478 891 2509 ,

200 2532 301 2575 'tomen
324 2514 366 2571 ita
382 2508 486 2592 frigidi
516 2528 626 2590 agunt,
653 2527 683 2568 ut
701 2510 776 2581 nolle
799 2515 894 2595 existi-

210 2590 350 2659 mentur?
380 2593 474 2659 Novis
499 2590 696 2672 magistratibus
710 2595 713 2602 '
725 2611 815 2651 autem
834 2638 843 2667 ,
865 2594 897 2653 si

209 2674 374 2740 Parthicum
392 2672 491 2733 beilum
510 2672 580 2742 trit,
604 2673 659 2733 tec
683 2671 766 2750 confit
784 2676 891 2751 primos

210 2753 313 2830 menses
336 2752 490 2833 occupabit.
509 2753 561 2810 Sin
578 2768 667 2810 autem
687 2773 742 2811 non
761 2753 810 2811 erit
833 2754 844 2810 i
864 2754 892 2812 ic

210 2834 311 2893 beilum
326 2875 336 2906 ,
354 2849 403 2890 aut
421 2850 526 2892 tantum
542 2833 615 2906 erit,
639 2850 671 2892 ut
688 2854 739 2892 vos
760 2849 810 2891 aut
819 2755 892 2909 lcii·

210 2911 338 2991 effora,
353 2914 452 2991 parvis
462 2912 566 2971 additis
573 2914 678 2993 copiis,
686 2912 814 3001 sustinere
817 2932 889 2991 pos.

211 2996 285 3066 ‘inb'
294 2991 895 3077 Curionemvideofitupttctnqanaeurum‚2

247 3075 353 3145 Tomos
373 3073 433 3141 xl.
754 3069 792 3155 Q
