2184 3975
263 469 567 548 Antinum.
577 464 666 538 ltu.
677 466 777 540 VIII.
801 471 877 563 329'

192 582 336 655 'linatione
351 585 483 668 Appius,
500 608 582 666 quun
602 586 768 645 calunniam
782 580 882 663 juras-

189 673 230 753 [et
241 716 254 745 ,
280 670 439 731 contendere
467 667 552 748 aufers
581 687 636 727 non
661 669 721 748 est,
749 665 879 744 Pilioque

193 755 309 895 gasuli
331 751 359 810 l>
383 749 439 830 ipse
466 751 499 888 dle
524 749 652 887 pecurgis
678 748 832 884 {inullis
859 767 887 804 a,

196 831 597 990 τιᾞιὲβᾳιξξᾰέιῒιβῖηῗὲχῖἷὶο
611 848 680 987 fuir
692 848 773 966 Tiiid
787 846 882 984 sinii

197 997 239 1077 est.
270 992 352 1053 Rettt
375 993 426 1051 loc
442 1012 497 1072 par
519 990 610 1050 leabet.
637 992 723 1069 Quod
750 990 790 1046 ad
810 1008 882 1045 tent·-

194 1074 337 1156 publicant
361 1074 502 1152 pertinet,
534 1074 642 1130 onnino
666 1070 761 1129 ntultt's
786 1070 883 1129 diebus

197 1154 394 1235 exspellatione
431 1152 590 1211 Galliarum
618 1152 704 1210 odunt
737 1150 810 1209 nihil
837 1152 883 1232 est.

198 1234 365 1315 Aliquando
384 1251 475 1292 tarnen
488 1232 563 1312 supe
586 1251 613 1289 re
631 1232 745 1302 ditant,
772 1232 884 1311 legra-

198 1318 269 1379 ut'ter
291 1314 379 1387 aul,
407 1313 434 1373 θ’
458 1314 542 1393 plunl
562 1310 698 1393 perspelld
719 1314 770 1372 Cn.
791 1313 883 1370 Porn-

195 1398 253 1478 peii
270 1395 414 1455 uoluntate
433 1396 463 1453 in
483 1413 544 1453 earn
560 1412 686 1472 purten,
707 1411 813 1451 utrum
832 1395 884 1451 de-

198 1480 290 1549 cedere
317 1477 377 1556 post
398 1475 546 1534 Kalendas
577 1476 701 1533 Martias
729 1473 884 1552 placeret,

194 1554 486 1639 senatusconsultum,
510 1555 585 1633 quod
603 1555 760 1624 tibimiri,
777 1550 885 1631 fadum

200 1640 256 1720 ιβ,
282 1634 503 1715 aullort'tatesque
528 1633 690 1716 perscripta.
716 1633 885 1693 Sumus-

201 1734 370 1779 cousum
387 1714 620 1775 Aucuonms.
639 1713 716 1774 Ptid.
737 1714 803 1773 Kal.
820 1710 887 1773 Oc·

201 1798 262 1858 tob.
287 1801 318 1858 in
340 1795 403 1857 aede
426 1795 594 1877 Apollinis,
618 1794 770 1855 scribendo
789 1792 885 1856 affue-

202 1894 269 1940 tunt
293 1878 328 1939 L.
351 1875 499 1938 Domitius
523 1875 581 1936 Cn.
607 1875 681 1936 lilius
706 1875 885 1936 Ahenobar-

203 1958 286 2033 bus,
317 1956 362 2037 Q.
392 1954 527 2021 Caecilius
559 1954 603 2035 Q
637 1956 711 2017 filius
745 1957 886 2019 Metellus

202 2040 267 2103 Pius
280 2039 399 2121 Scipio,
416 2040 450 2099 L.
467 2039 573 2099 Villius
590 2037 670 2097 Lucii
685 2038 757 2097 filius
770 2039 890 2118 Pompt.

204 2121 326 2183 Annalis
340 2166 349 2193 ‚
375 2117 411 2181 C.
425 2120 581 2201 Septimius
595 2117 637 2176 T.
646 2116 720 2177 filius
732 2117 860 2197 Quirini
876 2164 889 2196 ,

205 2201 294 2265 Caius
317 2201 456 2261 Lucceius
474 2199 511 2262 C.
530 2197 605 2259 filius
621 2197 693 2280 Pup.
709 2198 830 2274 Hirrus,
848 2197 890 2262 C.

207 2282 375 2354 Scribonius
407 2280 446 2342 C.
480 2280 554 2341 filius
586 2280 659 2361 Pop.
691 2278 782 2342 Curio
809 2328 819 2354 ‚
843 2280 890 2344 'L

206 2363 310 2425 Ateius
332 2364 366 2423 L.
383 2360 457 2421 filius
475 2361 534 2420 An.
555 2360 687 2443 Capito,
705 2362 750 2421 M.
770 2361 891 2443 Oppius

207 2444 251 2506 M.
269 2443 344 2504 filius
365 2441 535 2503 Terentina.
553 2442 647 2519 Quod
668 2441 714 2500 M.
734 2442 890 2504 Marcellus

207 2524 307 2586 consul
318 2522 388 2595 ,‘V.
405 2523 437 2584 F.
451 2524 487 2584 de
503 2525 660 2603 provinciis
677 2521 893 2602 consularibus,

207 2604 250 2668 D.
268 2604 302 2665 E.
319 2604 358 2665 R.
375 2603 398 2663 l.
420 2603 457 2666 C.
477 2608 519 2664 uti
538 2603 570 2662 L.
590 2604 720 2679 Paulus,
745 2603 782 2665 C.
805 2605 892 2664 Mar-

208 2687 298 2749 cellus
319 2686 472 2759 consules,
494 2705 584 2768 quum
604 2685 796 2768 magistratum
812 2684 894 2743 iniis·

207 2767 291 2842 sent,
310 2788 347 2827 ex
367 2788 393 2826 a.
412 2767 442 2827 d.
459 2786 490 2827 x.
508 2768 575 2827 Kal.
597 2767 683 2826 Mart.
706 2789 768 2848 quae
786 2770 815 2824 in
839 2763 893 2824 suo
930 2799 932 2804 ,

207 2847 373 2931 magistratu
392 2847 493 2908 fututae
510 2848 622 2922 essent,
642 2849 677 2908 de
698 2845 893 2906 consulatibus

209 2931 370 3011 provinciis
398 2930 434 2989 ad
462 2928 591 2991 senatum
617 2928 788 3000 referrent,
814 2940 894 2982 neve

210 3011 281 3093 quid
300 3009 378 3093 prius
395 3031 432 3073 ex
447 3011 513 3073 Kal.
532 3011 620 3071 Maru
639 3030 714 3073 neve
732 3006 801 3089 qnid
815 3021 897 3070 cone

727 3501 729 3506 .
850 3183 922 3534 l
