2184 3975
244 459 313 537 An
328 466 553 538 FAnrrrAn.
564 466 656 538 Lrn.
668 470 711 537 V.
748 486 794 560 19
797 489 820 565 3

141 608 226 673 ‘'M.
246 608 286 673 C.
307 609 342 673 L.
363 609 539 686 Luccrro,
566 609 611 689 Q.
632 610 666 673 F.
687 608 717 672 S.
737 609 780 673 D.

133 739 369 799 Consanum
391 745 419 796 de
438 744 504 795 obitu
516 743 579 812 filia
596 742 747 812 respondet,
775 743 825 812 qut

167 816 275 887 simite
289 819 394 869 levatum
416 815 460 885 effe
474 815 591 884 fatetur,
616 832 642 867 ut
663 815 725 882 fimi
744 813 850 868 animo‘

172 891 224 950 sit,
235 893 315 943 etside
323 908 373 961 rep.
385 887 491 959 desperet
514 887 603 958 θείω
611 891 717 958 quar-nim
728 889 822 958 confido

141 966 144 971 '
172 964 225 1017 sinc
243 965 348 1035 collega.
370 962 443 1016 Anno
460 961 494 1015 U.
515 967 542 1016 C.
563 964 622 1030 708.

137 1069 566 1229 13.Quanunmipsa
577 1144 738 1206 consolatio
749 1144 824 1206 litte·

134 1245 235 1299 tanam
251 1242 366 1287 tuarum
384 1226 630 1308 mihi‘gratissima
648 1224 709 1299 est;
726 1226 823 1286 deela-

135 1324 181 1375 tat
207 1306 290 1369 enim
319 1304 458 1373 summam
484 1308 721 1368 benevolentiam
743 1328 821 1366 con·

136 1385 267 1467 innatam
301 1388 362 1466 pari
392 1386 575 1468 prudenti2i3
607 1403 706 1447 tamen
739 1387 821 1448 illum

137 1467 263 1529 frustum
276 1487 313 1527 ex
331 1468 366 1527 iis
381 1467 479 1529 litteris
496 1467 545 1528 vel
560 1470 717 1532 maximum
735 1471 821 1548 cepi,

137 1547 222 1630 qnbd
243 1563 276 1608 te
300 1548 436 1628 praeclare
458 1569 504 1610 res
526 1548 664 1608 humanas
685 1563 822 1609 contem-

137 1646 282 1702 nentem,
303 1628 336 1688 &
356 1629 466 1710 optime
484 1645 586 1689 contra
606 1628 757 1689 fortunam.
771 1649 824 1708 pa-

137 1725 254 1782 tatum,
270 1725 467 1790 armatumque
482 1710 621 1792 cognovi.
643 1707 746 1787 Quam
761 1711 825 1788 qui-

140 1791 208 1862 dem
228 1789 346 1851 laudem
371 1788 515 1870 sapientiae
533 1788 625 1850 statuo
651 1787 708 1850 effe
727 1792 823 1849 maxi·

140 1892 239 1946 mam,
259 1891 322 1931 non
343 1870 457 1932 aliunde
476 1872 603 1952 pendere
617 1917 626 1944 ,
642 1891 696 1931 nec
715 1873 822 1931 extrin-

140 1951 221 2015 secus
240 1969 291 2013 aut
309 1952 384 2014 bene
408 1971 455 2016 aut
476 1954 551 2014 male
570 1953 689 2015 vivendi
708 1950 822 2033 suspen-

141 2034 180 2094 sas
199 2034 310 2095 habere
323 2036 458 2095 rationes.
480 2032 558 2112 Qua
578 2036 715 2194 cofitatio
732 2055 821 2113 quum

142 2115 212 2175 mihi
231 2135 294 2174 non
313 2118 434 2176 omnino
452 2111 597 2176 excidisset
644 2116 754 2175 etenim
768 2134 823 2195 pe·

143 2197 218 2258 nitus
238 2193 381 2256 insederat
400 2194 414 2277 )
431 2200 462 2257 vi
483 2214 580 2257 tamen
600 2193 825 2276 tempestatum.

145 2275 333 2337 &concursu
352 2277 544 2337 calamitatum
562 2294 623 2336 erat
645 2276 823 2357 aliquantum

145 2354 336 2428 labefaeiam
360 2375 444 2438 atque
464 2356 618 2417 convulsa:
641 2361 686 2417 cui
707 2374 734 2416 te
757 2360 825 2437 opi·

146 2438 228 2500 talari
248 2438 282 2498 &
296 2437 407 2511 video,
429 2437 461 2497 &
484 2438 513 2497 id
533 2435 627 2497 fecisse
649 2440 735 2498 etiam
755 2460 825 2516 pro·

148 2522 229 2586 ximis
248 2517 370 2592 litteris,
391 2519 570 2597 multumque
593 2516 742 2597 profeciffe
760 2518 826 2579 sen·

150 2600 196 2661 tio.
210 2597 313 2679 ltaque
332 2599 388 2663 hoc
404 2598 503 2680 sapius
522 2597 697 2670 dicendum,
715 2598 825 2679 tibique

151 2689 207 2739 non
221 2682 245 2740 si
266 2678 442 2741 nificandum
460 2680 574 2746 soliim,
595 2678 644 2739 sed
662 2682 748 2742 etiam
769 2682 827 2740 de·

154 2700 315 2821 infanium
334 2760 481 2834 arbitror,
511 2760 581 2819 nihil
601 2760 669 2820 mihi
690 2759 745 2821 effe
767 2782 826 2839 po-

155 2837 226 2902 tniffe
253 2843 308 2901 tuis
334 2841 434 2902 litteris
459 2844 574 2923 gratius.
601 2840 650 2899 Ad
670 2840 827 2901 consolan·

91 2995 93 3006 Ι
157 2918 219 2980 dum
238 2939 336 2986 autem
353 2943 443 3003 quum
461 2923 510 2981 iila
534 2922 655 2995 valent,
678 2942 741 3001 quae
762 2920 827 2979 ele-

91 3021 95 3080 i
159 3018 267 3081 genter,
288 3024 325 3062 co
347 3004 465 3085 inseque
485 3000 652 3084 collegisti,
676 3021 739 3141 turia
760 3000 830 3063 nihil

195 3086 293 3147 ramus
359 3124 368 3146 .
