<?xml version="1.0" encoding="UTF-8"?>
<!DOCTYPE html PUBLIC "-//W3C//DTD XHTML 1.0 Transitional//EN"
    "http://www.w3.org/TR/xhtml1/DTD/xhtml1-transitional.dtd">
<html xmlns="http://www.w3.org/1999/xhtml" xml:lang="en" lang="en">
 <head>
  <title>
</title>
<meta http-equiv="Content-Type" content="text/html;charset=utf-8" />
  <meta name='ocr-system' content='tesseract 3.04.00' />
  <meta name='ocr-capabilities' content='ocr_page ocr_carea ocr_par ocr_line ocrx_word'/>
</head>
<body>
  <div class='ocr_page' id='page_1' title='image "./mtulliiciceroni07lallgoog_0323.png"; bbox 0 0 2184 3975; ppageno 0'>
   <div class='ocr_carea' id='block_1_1' title="bbox 241 497 852 600">
    <p class='ocr_par' dir='ltr' id='par_1_1' title="bbox 241 497 852 600">
     <span class='ocr_line' id='line_1_1' title="bbox 241 497 852 600; baseline 0.015 -33"><span class='ocrx_word' id='word_1_1' title='bbox 241 497 312 568; x_wconf 80' lang='lat' dir='ltr'><em>Ao</em></span> <span class='ocrx_word' id='word_1_2' title='bbox 322 498 749 573; x_wconf 71' lang='lat' dir='ltr'><em>Fumrzr&#39;uu.lru.VlII.</em></span> <span class='ocrx_word' id='word_1_3' title='bbox 776 503 852 600; x_wconf 76' lang='lat'><em>323·</em></span> 
     </span>
    </p>
   </div>
   <div class='ocr_carea' id='block_1_2' title="bbox 176 609 857 698">
    <p class='ocr_par' dir='ltr' id='par_1_2' title="bbox 176 609 857 698">
     <span class='ocr_line' id='line_1_2' title="bbox 176 609 857 698; baseline 0.009 -25"><span class='ocrx_word' id='word_1_4' title='bbox 176 609 285 674; x_wconf 74' lang='lat' dir='ltr'><em>lecerern</em></span> <span class='ocrx_word' id='word_1_5' title='bbox 307 616 453 687; x_wconf 83' lang='lat' dir='ltr'><em>certiorem.</em></span> <span class='ocrx_word' id='word_1_6' title='bbox 471 617 551 698; x_wconf 82' lang='lat' dir='ltr'><em>Nosti</em></span> <span class='ocrx_word' id='word_1_7' title='bbox 572 621 642 678; x_wconf 90' lang='lat' dir='ltr'><em>enirn</em></span> <span class='ocrx_word' id='word_1_8' title='bbox 662 619 718 678; x_wconf 80' lang='lat' dir='ltr'><em>lenc</em></span> <span class='ocrx_word' id='word_1_9' title='bbox 740 620 857 679; x_wconf 81' lang='lat' dir='ltr'><em>tralati-</em></span> 
     </span>
    </p>
   </div>
   <div class='ocr_carea' id='block_1_3' title="bbox 177 696 864 1100">
    <p class='ocr_par' dir='ltr' id='par_1_3' title="bbox 177 696 864 1100">
     <span class='ocr_line' id='line_1_3' title="bbox 177 696 856 778; baseline 0.01 -26"><span class='ocrx_word' id='word_1_10' title='bbox 177 697 233 755; x_wconf 73' lang='lat' dir='ltr'><em>cio:</em></span> <span class='ocrx_word' id='word_1_11' title='bbox 251 697 285 754; x_wconf 87' lang='lat' dir='ltr'><em>de</em></span> <span class='ocrx_word' id='word_1_12' title='bbox 306 696 415 756; x_wconf 85' lang='lat' dir='ltr'><em>Galliis</em></span> <span class='ocrx_word' id='word_1_13' title='bbox 431 697 624 777; x_wconf 77' lang='lat' dir='ltr'><em>constituetur:</em></span> <span class='ocrx_word' id='word_1_14' title='bbox 644 701 694 758; x_wconf 85' lang='lat' dir='ltr'><em>erit</em></span> <span class='ocrx_word' id='word_1_15' title='bbox 710 703 756 778; x_wconf 85' lang='lat' dir='ltr'><em>qui</em></span> <span class='ocrx_word' id='word_1_16' title='bbox 771 703 856 759; x_wconf 86' lang='lat' dir='ltr'><em>imer-</em></span> 
     </span>
     <span class='ocr_line' id='line_1_4' title="bbox 177 776 857 860; baseline 0.007 -26"><span class='ocrx_word' id='word_1_17' title='bbox 177 777 273 837; x_wconf 73' lang='lat' dir='ltr'><em>cedar:</em></span> <span class='ocrx_word' id='word_1_18' title='bbox 304 776 400 836; x_wconf 83' lang='lat' dir='ltr'><em>deinde</em></span> <span class='ocrx_word' id='word_1_19' title='bbox 427 777 505 837; x_wconf 81' lang='lat' dir='ltr'><em>alius</em></span> <span class='ocrx_word' id='word_1_20' title='bbox 530 779 667 860; x_wconf 74' lang='lat' dir='ltr'><em>exsistet,</em></span> <span class='ocrx_word' id='word_1_21' title='bbox 694 781 771 858; x_wconf 82' lang='lat' dir='ltr'><em>qui,</em></span> <span class='ocrx_word' id='word_1_22' title='bbox 800 781 857 839; x_wconf 84' lang='lat' dir='ltr'><em>nisi</em></span> 
     </span>
     <span class='ocr_line' id='line_1_5' title="bbox 177 855 858 939; baseline 0 -23"><span class='ocrx_word' id='word_1_23' title='bbox 177 857 254 917; x_wconf 68' lang='lat' dir='ltr'><em>&#39;iberi</em></span> <span class='ocrx_word' id='word_1_24' title='bbox 275 855 359 916; x_wconf 82' lang='lat' dir='ltr'><em>liceat</em></span> <span class='ocrx_word' id='word_1_25' title='bbox 381 859 414 916; x_wconf 87' lang='lat' dir='ltr'><em>de</em></span> <span class='ocrx_word' id='word_1_26' title='bbox 441 858 567 918; x_wconf 85' lang='lat' dir='ltr'><em>omnibus</em></span> <span class='ocrx_word' id='word_1_27' title='bbox 585 860 739 939; x_wconf 81' lang='lat' dir='ltr'><em>prouinciis</em></span> <span class='ocrx_word' id='word_1_28' title='bbox 762 861 858 918; x_wconf 82' lang='lat' dir='ltr'><em>decer·</em></span> 
     </span>
     <span class='ocr_line' id='line_1_6' title="bbox 178 938 860 1022; baseline 0.004 -25"><span class='ocrx_word' id='word_1_29' title='bbox 178 958 232 997; x_wconf 85' lang='lat' dir='ltr'><em>nere</em></span> <span class='ocrx_word' id='word_1_30' title='bbox 247 938 388 1018; x_wconf 67' lang='lat' dir='ltr'><em>fenetui,</em></span> <span class='ocrx_word' id='word_1_31' title='bbox 411 939 532 1018; x_wconf 88' lang='lat' dir='ltr'><em>reliquas</em></span> <span class='ocrx_word' id='word_1_32' title='bbox 555 941 699 1022; x_wconf 82' lang='lat' dir='ltr'><em>impediat.</em></span> <span class='ocrx_word' id='word_1_33' title='bbox 719 939 768 999; x_wconf 88' lang='lat' dir='ltr'><em>Sic</em></span> <span class='ocrx_word' id='word_1_34' title='bbox 788 941 860 1000; x_wconf 91' lang='lat' dir='ltr'><em>mul·</em></span> 
     </span>
     <span class='ocr_line' id='line_1_7' title="bbox 178 1019 864 1100; baseline 0.003 -22"><span class='ocrx_word' id='word_1_35' title='bbox 178 1036 230 1078; x_wconf 75' lang='lat' dir='ltr'><em>erem</em></span> <span class='ocrx_word' id='word_1_36' title='bbox 258 1038 293 1076; x_wconf 87' lang='lat' dir='ltr'><em>ac</em></span> <span class='ocrx_word' id='word_1_37' title='bbox 320 1019 370 1077; x_wconf 85' lang='lat' dir='ltr'><em>diu</em></span> <span class='ocrx_word' id='word_1_38' title='bbox 400 1019 510 1079; x_wconf 80' lang='lat' dir='ltr'><em>ludetur</em></span> <span class='ocrx_word' id='word_1_39' title='bbox 521 1041 534 1091; x_wconf 92' lang='lat'><em>,·</em></span> <span class='ocrx_word' id='word_1_40' title='bbox 560 1039 642 1100; x_wconf 79' lang='lat' dir='ltr'><em>atque</em></span> <span class='ocrx_word' id='word_1_41' title='bbox 665 1022 707 1079; x_wconf 88' lang='lat' dir='ltr'><em>ica</em></span> <span class='ocrx_word' id='word_1_42' title='bbox 728 1021 802 1094; x_wconf 83' lang='lat' dir='ltr'><em>diu,</em></span> <span class='ocrx_word' id='word_1_43' title='bbox 832 1038 864 1080; x_wconf 88' lang='lat' dir='ltr'><em>ue</em></span> 
     </span>
    </p>
   </div>
   <div class='ocr_carea' id='block_1_4' title="bbox 178 1098 975 1167">
    <p class='ocr_par' dir='ltr' id='par_1_4' title="bbox 178 1098 975 1167">
     <span class='ocr_line' id='line_1_8' title="bbox 178 1098 975 1167; baseline 0.003 -8"><span class='ocrx_word' id='word_1_44' title='bbox 178 1099 239 1167; x_wconf 77' lang='lat' dir='ltr'><em>olus</em></span> <span class='ocrx_word' id='word_1_45' title='bbox 265 1098 405 1158; x_wconf 77' lang='lat' dir='ltr'><em>biennium</em></span> <span class='ocrx_word' id='word_1_46' title='bbox 432 1100 461 1158; x_wconf 92' lang='lat' dir='ltr'><em>in</em></span> <span class='ocrx_word' id='word_1_47' title='bbox 488 1101 533 1158; x_wconf 79' lang='lat' dir='ltr'><em>liis</em></span> <span class='ocrx_word' id='word_1_48' title='bbox 559 1103 637 1161; x_wconf 83' lang='lat' dir='ltr'><em>erices</em></span> <span class='ocrx_word' id='word_1_49' title='bbox 667 1119 792 1161; x_wconf 84' lang='lat' dir='ltr'><em>moretur.</em></span> <span class='ocrx_word' id='word_1_50' title='bbox 830 1099 864 1161; x_wconf 90' lang='lat' dir='ltr'><em>Si</em></span> <span class='ocrx_word' id='word_1_51' title='bbox 973 1107 975 1110; x_wconf 79' lang='grc'><strong>’</strong></span> 
     </span>
    </p>
   </div>
   <div class='ocr_carea' id='block_1_5' title="bbox 179 1180 878 2232">
    <p class='ocr_par' dir='ltr' id='par_1_5' title="bbox 179 1180 870 1662">
     <span class='ocr_line' id='line_1_9' title="bbox 179 1180 864 1262; baseline 0.001 -24"><span class='ocrx_word' id='word_1_52' title='bbox 179 1180 245 1259; x_wconf 73' lang='lat' dir='ltr'><em>quid</em></span> <span class='ocrx_word' id='word_1_53' title='bbox 262 1181 330 1239; x_wconf 79' lang='lat' dir='ltr'><em>noui</em></span> <span class='ocrx_word' id='word_1_54' title='bbox 347 1181 380 1238; x_wconf 82' lang='lat' dir='ltr'><em>de</em></span> <span class='ocrx_word' id='word_1_55' title='bbox 404 1180 543 1262; x_wconf 80' lang='lat' dir='ltr'><em>republica</em></span> <span class='ocrx_word' id='word_1_56' title='bbox 563 1183 638 1261; x_wconf 85' lang='lat' dir='ltr'><em>quod</em></span> <span class='ocrx_word' id='word_1_57' title='bbox 654 1181 705 1240; x_wconf 87' lang='lat' dir='ltr'><em>tibi</em></span> <span class='ocrx_word' id='word_1_58' title='bbox 721 1181 864 1260; x_wconf 81' lang='lat' dir='ltr'><em>scriberem</em></span> 
     </span>
     <span class='ocr_line' id='line_1_10' title="bbox 179 1259 864 1339; baseline 0.004 -21"><span class='ocrx_word' id='word_1_59' title='bbox 179 1261 322 1333; x_wconf 73' lang='lat' dir='ltr'><em>iuberem,</em></span> <span class='ocrx_word' id='word_1_60' title='bbox 340 1260 404 1339; x_wconf 85' lang='lat' dir='ltr'><em>usres</em></span> <span class='ocrx_word' id='word_1_61' title='bbox 422 1259 498 1338; x_wconf 82' lang='lat' dir='ltr'><em>effem</em></span> <span class='ocrx_word' id='word_1_62' title='bbox 516 1264 576 1322; x_wconf 78' lang='lat' dir='ltr'><em>neo</em></span> <span class='ocrx_word' id='word_1_63' title='bbox 591 1260 808 1339; x_wconf 80' lang='lat' dir='ltr'><em>conficetudine,</em></span> <span class='ocrx_word' id='word_1_64' title='bbox 832 1279 864 1321; x_wconf 87' lang='lat' dir='ltr'><em>ur</em></span> 
     </span>
     <span class='ocr_line' id='line_1_11' title="bbox 179 1340 864 1422; baseline 0 -22"><span class='ocrx_word' id='word_1_65' title='bbox 179 1341 341 1422; x_wconf 74' lang='lat' dir='ltr'><em>diligenter,</em></span> <span class='ocrx_word' id='word_1_66' title='bbox 362 1341 478 1420; x_wconf 62' lang='lat' dir='ltr'><em>&amp;quid</em></span> <span class='ocrx_word' id='word_1_67' title='bbox 496 1343 582 1401; x_wconf 77' lang='lat' dir='ltr'><em>eibum</em></span> <span class='ocrx_word' id='word_1_68' title='bbox 600 1340 681 1420; x_wconf 53' lang='lat' dir='ltr'><em>mser,</em></span> <span class='ocrx_word' id='word_1_69' title='bbox 701 1340 812 1420; x_wconf 69' lang='lat' dir='ltr'><em>&amp;quid</em></span> <span class='ocrx_word' id='word_1_70' title='bbox 828 1363 864 1400; x_wconf 86' lang='lat' dir='ltr'><em>ex</em></span> 
     </span>
     <span class='ocr_line' id='line_1_12' title="bbox 180 1419 868 1511; baseline 0.001 -29"><span class='ocrx_word' id='word_1_71' title='bbox 180 1443 207 1482; x_wconf 88' lang='lat' dir='ltr'><em>eo</em></span> <span class='ocrx_word' id='word_1_72' title='bbox 224 1419 355 1498; x_wconf 77' lang='lat' dir='ltr'><em>sciturum</em></span> <span class='ocrx_word' id='word_1_73' title='bbox 371 1420 539 1502; x_wconf 83' lang='lat' dir='ltr'><em>sperarem,</em></span> <span class='ocrx_word' id='word_1_74' title='bbox 561 1422 758 1511; x_wconf 67' lang='lat' dir='ltr'><em>perscriberem.</em></span> <span class='ocrx_word' id='word_1_75' title='bbox 792 1421 868 1483; x_wconf 77' lang='lat' dir='ltr'><em>Sani</em></span> 
     </span>
     <span class='ocr_line' id='line_1_13' title="bbox 180 1502 870 1582; baseline -0.004 -21"><span class='ocrx_word' id='word_1_76' title='bbox 180 1518 315 1581; x_wconf 77' lang='lat' dir='ltr'><em>remquam</em></span> <span class='ocrx_word' id='word_1_77' title='bbox 329 1502 359 1560; x_wconf 92' lang='lat' dir='ltr'><em>in</em></span> <span class='ocrx_word' id='word_1_78' title='bbox 373 1504 490 1582; x_wconf 86' lang='lat' dir='ltr'><em>quodam</em></span> <span class='ocrx_word' id='word_1_79' title='bbox 505 1503 585 1563; x_wconf 89' lang='lat' dir='ltr'><em>incili</em></span> <span class='ocrx_word' id='word_1_80' title='bbox 592 1524 655 1580; x_wconf 74' lang='lat' dir='ltr'><em>pam</em></span> <span class='ocrx_word' id='word_1_81' title='bbox 667 1504 759 1561; x_wconf 89' lang='lat' dir='ltr'><em>omnia</em></span> <span class='ocrx_word' id='word_1_82' title='bbox 776 1503 870 1559; x_wconf 80' lang='lat' dir='ltr'><em>adlen-</em></span> 
     </span>
     <span class='ocr_line' id='line_1_14' title="bbox 181 1581 869 1662; baseline -0.004 -20"><span class='ocrx_word' id='word_1_83' title='bbox 181 1581 281 1662; x_wconf 66' lang='grc' dir='ltr'><em>[ἔπαιε.</em></span> <span class='ocrx_word' id='word_1_84' title='bbox 300 1583 456 1645; x_wconf 85' lang='lat' dir='ltr'><em>Marcellus</em></span> <span class='ocrx_word' id='word_1_85' title='bbox 477 1584 548 1642; x_wconf 84' lang='lat' dir='ltr'><em>idem</em></span> <span class='ocrx_word' id='word_1_86' title='bbox 570 1584 645 1642; x_wconf 89' lang='lat' dir='ltr'><em>illud</em></span> <span class='ocrx_word' id='word_1_87' title='bbox 661 1583 695 1640; x_wconf 83' lang='lat' dir='ltr'><em>ele</em></span> <span class='ocrx_word' id='word_1_88' title='bbox 715 1582 869 1661; x_wconf 80' lang='lat' dir='ltr'><em>prouinciis</em></span> 
     </span>
    </p>

    <p class='ocr_par' dir='ltr' id='par_1_6' title="bbox 181 1660 878 2232">
     <span class='ocr_line' id='line_1_15' title="bbox 227 1660 867 1743; baseline -0.003 -21"><span class='ocrx_word' id='word_1_89' title='bbox 227 1679 286 1737; x_wconf 84' lang='lat' dir='ltr'><em>et,</em></span> <span class='ocrx_word' id='word_1_90' title='bbox 318 1684 402 1742; x_wconf 84' lang='lat' dir='ltr'><em>neque</em></span> <span class='ocrx_word' id='word_1_91' title='bbox 436 1664 527 1725; x_wconf 81' lang='lat' dir='ltr'><em>adbuc</em></span> <span class='ocrx_word' id='word_1_92' title='bbox 546 1660 715 1743; x_wconf 77' lang='lat' dir='ltr'><em>frequeniem</em></span> <span class='ocrx_word' id='word_1_93' title='bbox 738 1660 867 1741; x_wconf 75' lang='lat' dir='ltr'><em>finarum</em></span> 
     </span>
     <span class='ocr_line' id='line_1_16' title="bbox 181 1683 868 1826; baseline -0.001 -24"><span class='ocrx_word' id='word_1_94' title='bbox 181 1683 283 1826; x_wconf 46' lang='lat' dir='ltr'><em>:fferre</em></span> <span class='ocrx_word' id='word_1_95' title='bbox 324 1745 405 1804; x_wconf 84' lang='lat' dir='ltr'><em>ocule.</em></span> <span class='ocrx_word' id='word_1_96' title='bbox 459 1746 515 1803; x_wconf 76' lang='lat' dir='ltr'><em>uod</em></span> <span class='ocrx_word' id='word_1_97' title='bbox 532 1745 583 1815; x_wconf 87' lang='lat' dir='ltr'><em>si,</em></span> <span class='ocrx_word' id='word_1_98' title='bbox 604 1745 654 1803; x_wconf 83' lang='lat' dir='ltr'><em>leoc</em></span> <span class='ocrx_word' id='word_1_99' title='bbox 675 1764 749 1803; x_wconf 88' lang='lat' dir='ltr'><em>anno</em></span> <span class='ocrx_word' id='word_1_100' title='bbox 764 1761 868 1824; x_wconf 84' lang='lat' dir='ltr'><em>prate-</em></span> 
     </span>
     <span class='ocr_line' id='line_1_17' title="bbox 181 1749 459 1897; baseline -0.007 -11"><span class='ocrx_word' id='word_1_101' title='bbox 181 1827 265 1897; x_wconf 82' lang='lat' dir='ltr'><em>riro,</em></span> <span class='ocrx_word' id='word_1_102' title='bbox 296 1762 323 1885; x_wconf 65' lang='grc' dir='ltr'><strong><em>ἔ</em></strong></span> <span class='ocrx_word' id='word_1_103' title='bbox 430 1749 459 1884; x_wconf 71' lang='lat' dir='ltr'><em>&lt;b</em></span> 
     </span>
     <span class='ocr_line' id='line_1_18' title="bbox 182 1902 871 1989; baseline -0.001 -25"><span class='ocrx_word' id='word_1_104' title='bbox 182 1905 334 1989; x_wconf 78' lang='lat' dir='ltr'><em>prouinciis</em></span> <span class='ocrx_word' id='word_1_105' title='bbox 355 1906 479 1966; x_wconf 77' lang='lat' dir='ltr'><em>introibit</em></span> <span class='ocrx_word' id='word_1_106' title='bbox 497 1927 511 1978; x_wconf 88' lang='lat'><em>,·</em></span> <span class='ocrx_word' id='word_1_107' title='bbox 543 1906 624 1984; x_wconf 78' lang='lat' dir='ltr'><em>quim</em></span> <span class='ocrx_word' id='word_1_108' title='bbox 638 1902 727 1984; x_wconf 66' lang='lat' dir='ltr'><em>fiecile</em></span> <span class='ocrx_word' id='word_1_109' title='bbox 750 1921 814 1964; x_wconf 88' lang='lat' dir='ltr'><em>runc</em></span> <span class='ocrx_word' id='word_1_110' title='bbox 831 1906 871 1963; x_wconf 87' lang='lat' dir='ltr'><em>sit</em></span> 
     </span>
     <span class='ocr_line' id='line_1_19' title="bbox 182 1984 870 2066; baseline -0.006 -19"><span class='ocrx_word' id='word_1_111' title='bbox 182 1987 278 2047; x_wconf 83' lang='lat' dir='ltr'><em>omnia</em></span> <span class='ocrx_word' id='word_1_112' title='bbox 295 1988 444 2066; x_wconf 77' lang='lat' dir='ltr'><em>impedire,</em></span> <span class='ocrx_word' id='word_1_113' title='bbox 466 1987 493 2047; x_wconf 70' lang='lat' dir='ltr'><em>b</em></span> <span class='ocrx_word' id='word_1_114' title='bbox 512 1987 593 2064; x_wconf 75' lang='lat' dir='ltr'><em>quim</em></span> <span class='ocrx_word' id='word_1_115' title='bbox 613 1988 664 2046; x_wconf 83' lang='lat' dir='ltr'><em>loc</em></span> <span class='ocrx_word' id='word_1_116' title='bbox 682 1984 802 2064; x_wconf 72' lang='lat' dir='ltr'><em>cesari,</em></span> <span class='ocrx_word' id='word_1_117' title='bbox 822 1988 870 2064; x_wconf 84' lang='lat' dir='ltr'><em>qui</em></span> 
     </span>
     <span class='ocr_line' id='line_1_20' title="bbox 182 2065 878 2147; baseline -0.009 -19"><span class='ocrx_word' id='word_1_118' title='bbox 182 2067 259 2147; x_wconf 72' lang='lat' dir='ltr'><em>suam</em></span> <span class='ocrx_word' id='word_1_119' title='bbox 280 2066 413 2146; x_wconf 84' lang='lat' dir='ltr'><em>causam,</em></span> <span class='ocrx_word' id='word_1_120' title='bbox 432 2090 487 2129; x_wconf 91' lang='lat' dir='ltr'><em>non</em></span> <span class='ocrx_word' id='word_1_121' title='bbox 502 2068 658 2145; x_wconf 77' lang='lat' dir='ltr'><em>reipublice</em></span> <span class='ocrx_word' id='word_1_122' title='bbox 678 2082 753 2124; x_wconf 87' lang='lat' dir='ltr'><em>curet</em></span> <span class='ocrx_word' id='word_1_123' title='bbox 770 2108 781 2139; x_wconf 87' lang='lat'><strong>,</strong></span> <span class='ocrx_word' id='word_1_124' title='bbox 796 2065 878 2147; x_wconf 75' lang='lat' dir='ltr'><em>frep-¹</em></span> 
     </span>
     <span class='ocr_line' id='line_1_21' title="bbox 183 2146 613 2232; baseline -0.007 -24"><span class='ocrx_word' id='word_1_125' title='bbox 183 2165 285 2232; x_wconf 87' lang='lat' dir='ltr'><em>petae,</em></span> <span class='ocrx_word' id='word_1_126' title='bbox 304 2169 359 2208; x_wconf 88' lang='lat' dir='ltr'><em>non</em></span> <span class='ocrx_word' id='word_1_127' title='bbox 378 2165 404 2208; x_wconf 87' lang='lat' dir='ltr'><em>te</em></span> <span class='ocrx_word' id='word_1_128' title='bbox 416 2146 510 2229; x_wconf 64' lang='lat' dir='ltr'><em>prule.</em></span> <span class='ocrx_word' id='word_1_129' title='bbox 532 2148 613 2209; x_wconf 86' lang='lat' dir='ltr'><em>Vale.</em></span> 
     </span>
    </p>
   </div>
   <div class='ocr_carea' id='block_1_6' title="bbox 320 1825 868 1898">
    <p class='ocr_par' dir='ltr' id='par_1_7' title="bbox 320 1825 868 1898">
     <span class='ocr_line' id='line_1_22' title="bbox 320 1825 868 1898; baseline -0.004 -13"><span class='ocrx_word' id='word_1_130' title='bbox 320 1826 381 1885; x_wconf 86' lang='lat' dir='ltr'><em>urio</em></span> <span class='ocrx_word' id='word_1_131' title='bbox 407 1828 555 1898; x_wconf 73' lang='lat' dir='ltr'><em>miurus,</em></span> <span class='ocrx_word' id='word_1_132' title='bbox 581 1825 610 1884; x_wconf 65' lang='grc' dir='ltr'><em>ὁ</em></span> <span class='ocrx_word' id='word_1_133' title='bbox 631 1826 723 1884; x_wconf 83' lang='lat' dir='ltr'><em>eedem</em></span> <span class='ocrx_word' id='word_1_134' title='bbox 747 1825 816 1884; x_wconf 72' lang='lat' dir='ltr'><em>abbio</em></span> <span class='ocrx_word' id='word_1_135' title='bbox 834 1825 868 1883; x_wconf 84' lang='lat' dir='ltr'><em>de</em></span> 
     </span>
    </p>
   </div>
   <div class='ocr_carea' id='block_1_7' title="bbox 254 2273 805 2340">
    <p class='ocr_par' dir='ltr' id='par_1_8' title="bbox 254 2273 805 2340">
     <span class='ocr_line' id='line_1_23' title="bbox 254 2273 805 2340; baseline -0.007 0"><span class='ocrx_word' id='word_1_136' title='bbox 254 2274 416 2340; x_wconf 70' lang='lat' dir='ltr'><em>Catius</em></span> <span class='ocrx_word' id='word_1_137' title='bbox 453 2274 664 2340; x_wconf 66' lang='lat' dir='ltr'><em>Ciceroni</em></span> <span class='ocrx_word' id='word_1_138' title='bbox 698 2275 727 2339; x_wconf 88' lang='lat' dir='ltr'><em>S.</em></span> <span class='ocrx_word' id='word_1_139' title='bbox 759 2273 805 2337; x_wconf 87' lang='lat' dir='ltr'><em>D.</em></span> 
     </span>
    </p>
   </div>
   <div class='ocr_carea' id='block_1_8' title="bbox 189 2405 875 2769">
    <p class='ocr_par' dir='ltr' id='par_1_9' title="bbox 189 2405 875 2769">
     <span class='ocr_line' id='line_1_24' title="bbox 189 2405 873 2478; baseline -0.003 -15"><span class='ocrx_word' id='word_1_140' title='bbox 189 2410 311 2465; x_wconf 79' lang='lat' dir='ltr'><em>Scmlr</em></span> <span class='ocrx_word' id='word_1_141' title='bbox 329 2412 358 2460; x_wconf 91' lang='lat' dir='ltr'><em>ele</em></span> <span class='ocrx_word' id='word_1_142' title='bbox 377 2410 459 2478; x_wconf 83' lang='lat' dir='ltr'><em>Appio</em></span> <span class='ocrx_word' id='word_1_143' title='bbox 481 2428 496 2459; x_wconf 90' lang='lat' dir='ltr'><em>a</em></span> <span class='ocrx_word' id='word_1_144' title='bbox 520 2410 658 2461; x_wconf 79' lang='lat' dir='ltr'><em>Dolabella</em></span> <span class='ocrx_word' id='word_1_145' title='bbox 680 2405 819 2476; x_wconf 71' lang='lat' dir='ltr'><em>accusato:</em></span> <span class='ocrx_word' id='word_1_146' title='bbox 843 2414 873 2465; x_wconf 82' lang='lat' dir='ltr'><em>de</em></span> 
     </span>
     <span class='ocr_line' id='line_1_25' title="bbox 225 2482 873 2553; baseline -0.003 -17"><span class='ocrx_word' id='word_1_147' title='bbox 225 2483 347 2537; x_wconf 78' lang='lat' dir='ltr'><em>Ciceronis</em></span> <span class='ocrx_word' id='word_1_148' title='bbox 363 2482 461 2551; x_wconf 83' lang='lat' dir='ltr'><em>officio,</em></span> <span class='ocrx_word' id='word_1_149' title='bbox 477 2500 505 2532; x_wconf 94' lang='lat' dir='ltr'><em>ne</em></span> <span class='ocrx_word' id='word_1_150' title='bbox 514 2502 598 2551; x_wconf 82' lang='lat' dir='ltr'><em>pamm</em></span> <span class='ocrx_word' id='word_1_151' title='bbox 612 2482 778 2532; x_wconf 78' lang='lat' dir='ltr'><em>reconciliatus</em></span> <span class='ocrx_word' id='word_1_152' title='bbox 790 2482 873 2553; x_wconf 84' lang='lat' dir='ltr'><em>Appio</em></span> 
     </span>
     <span class='ocr_line' id='line_1_26' title="bbox 224 2554 875 2624; baseline -0.012 -15"><span class='ocrx_word' id='word_1_153' title='bbox 224 2559 360 2610; x_wconf 79' lang='lat' dir='ltr'><em>uideatur:</em></span> <span class='ocrx_word' id='word_1_154' title='bbox 387 2558 415 2606; x_wconf 83' lang='lat' dir='ltr'><em>de</em></span> <span class='ocrx_word' id='word_1_155' title='bbox 446 2554 564 2622; x_wconf 78' lang='lat' dir='ltr'><em>affinitate</em></span> <span class='ocrx_word' id='word_1_156' title='bbox 588 2574 639 2605; x_wconf 81' lang='lat' dir='ltr'><em>eune</em></span> <span class='ocrx_word' id='word_1_157' title='bbox 661 2554 798 2605; x_wconf 88' lang='lat' dir='ltr'><em>Dolabella</em></span> <span class='ocrx_word' id='word_1_158' title='bbox 814 2558 875 2624; x_wconf 73' lang='lat' dir='ltr'><em>jun.</em></span> 
     </span>
     <span class='ocr_line' id='line_1_27' title="bbox 224 2623 874 2701; baseline 0.005 -21"><span class='ocrx_word' id='word_1_159' title='bbox 224 2632 329 2701; x_wconf 76' lang='lat' dir='ltr'><em>gendo:</em></span> <span class='ocrx_word' id='word_1_160' title='bbox 356 2631 385 2679; x_wconf 86' lang='lat' dir='ltr'><em>de</em></span> <span class='ocrx_word' id='word_1_161' title='bbox 410 2629 501 2695; x_wconf 80' lang='lat' dir='ltr'><em>republ.</em></span> <span class='ocrx_word' id='word_1_162' title='bbox 531 2631 560 2680; x_wconf 78' lang='lat' dir='ltr'><em>ele</em></span> <span class='ocrx_word' id='word_1_163' title='bbox 583 2626 633 2697; x_wconf 75' lang='lat' dir='ltr'><em>fiiis</em></span> <span class='ocrx_word' id='word_1_164' title='bbox 662 2629 718 2679; x_wconf 87' lang='lat' dir='ltr'><em>ieern</em></span> <span class='ocrx_word' id='word_1_165' title='bbox 740 2623 874 2698; x_wconf 77' lang='lat' dir='ltr'><em>pantheris.</em></span> 
     </span>
     <span class='ocr_line' id='line_1_28' title="bbox 225 2702 478 2769; baseline -0.016 -13"><span class='ocrx_word' id='word_1_166' title='bbox 225 2704 302 2756; x_wconf 85' lang='lat' dir='ltr'><em>Anno</em></span> <span class='ocrx_word' id='word_1_167' title='bbox 323 2702 355 2754; x_wconf 87' lang='lat' dir='ltr'><em>U.</em></span> <span class='ocrx_word' id='word_1_168' title='bbox 378 2705 406 2754; x_wconf 79' lang='lat' dir='ltr'><em>C.</em></span> <span class='ocrx_word' id='word_1_169' title='bbox 422 2720 478 2769; x_wconf 83' lang='lat'><em>7⁰3·</em></span> 
     </span>
    </p>
   </div>
   <div class='ocr_carea' id='block_1_9' title="bbox 193 2864 878 3112">
    <p class='ocr_par' dir='ltr' id='par_1_10' title="bbox 193 2864 878 3112">
     <span class='ocr_line' id='line_1_29' title="bbox 194 2864 877 2950; baseline -0.009 -21"><span class='ocrx_word' id='word_1_170' title='bbox 194 2876 220 2929; x_wconf 83' lang='lat' dir='ltr'><em>b.</em></span> <span class='ocrx_word' id='word_1_171' title='bbox 307 2887 360 2929; x_wconf 76' lang='lat' dir='ltr'><em>on</em></span> <span class='ocrx_word' id='word_1_172' title='bbox 385 2867 508 2938; x_wconf 79' lang='lat' dir='ltr'><em>dubito,</em></span> <span class='ocrx_word' id='word_1_173' title='bbox 538 2867 606 2946; x_wconf 88' lang='lat' dir='ltr'><em>quin</em></span> <span class='ocrx_word' id='word_1_174' title='bbox 627 2868 765 2950; x_wconf 83' lang='lat' dir='ltr'><em>perlatum</em></span> <span class='ocrx_word' id='word_1_175' title='bbox 789 2864 829 2921; x_wconf 82' lang='lat' dir='ltr'><em>ad</em></span> <span class='ocrx_word' id='word_1_176' title='bbox 850 2881 877 2923; x_wconf 86' lang='lat' dir='ltr'><em>ee</em></span> 
     </span>
     <span class='ocr_line' id='line_1_30' title="bbox 197 2945 876 3032; baseline -0.013 -24"><span class='ocrx_word' id='word_1_177' title='bbox 197 2951 254 3022; x_wconf 86' lang='lat' dir='ltr'><em>sic,</em></span> <span class='ocrx_word' id='word_1_178' title='bbox 273 2948 399 3032; x_wconf 81' lang='lat' dir='ltr'><em>Appium</em></span> <span class='ocrx_word' id='word_1_179' title='bbox 418 2970 438 3008; x_wconf 93' lang='lat' dir='ltr'><em>a</em></span> <span class='ocrx_word' id='word_1_180' title='bbox 463 2949 618 3009; x_wconf 87' lang='lat' dir='ltr'><em>Dolabella</em></span> <span class='ocrx_word' id='word_1_181' title='bbox 648 2968 720 3007; x_wconf 92' lang='lat' dir='ltr'><em>reum</em></span> <span class='ocrx_word' id='word_1_182' title='bbox 741 2945 876 3023; x_wconf 69' lang='lat' dir='ltr'><em>fielium,-</em></span> 
     </span>
     <span class='ocr_line' id='line_1_31' title="bbox 193 3024 878 3112; baseline -0.015 -19"><span class='ocrx_word' id='word_1_183' title='bbox 193 3030 258 3111; x_wconf 72' lang='lat' dir='ltr'><em>serni</em></span> <span class='ocrx_word' id='word_1_184' title='bbox 275 3052 331 3092; x_wconf 87' lang='lat' dir='ltr'><em>non</em></span> <span class='ocrx_word' id='word_1_185' title='bbox 345 3032 398 3105; x_wconf 81' lang='lat' dir='ltr'><em>eei,</em></span> <span class='ocrx_word' id='word_1_186' title='bbox 415 3045 497 3112; x_wconf 83' lang='lat' dir='ltr'><em>quern</em></span> <span class='ocrx_word' id='word_1_187' title='bbox 510 3030 723 3112; x_wconf 76' lang='lat' dir='ltr'><em>existimaveram</em></span> <span class='ocrx_word' id='word_1_188' title='bbox 731 3068 743 3104; x_wconf 90' lang='lat'>,</span> <span class='ocrx_word' id='word_1_189' title='bbox 756 3024 878 3094; x_wconf 72' lang='lat' dir='ltr'><em>invidie.</em></span> 
     </span>
    </p>
   </div>
   <div class='ocr_carea' id='block_1_10' title="bbox 0 0 1112 3975">
    <p class='ocr_par' dir='ltr' id='par_1_11' title="bbox 0 0 1112 3975">
     <span class='ocr_line' id='line_1_32' title="bbox 0 0 1112 3975; baseline 0 0"><span class='ocrx_word' id='word_1_190' title='bbox 0 0 1112 3975; x_wconf 95' lang='lat' dir='ltr'><em> </em></span> 
     </span>
    </p>
   </div>
  </div>
 </body>
</html>
