2184 3975
351 529 402 574 rr
424 503 732 575 Con'nrotrina.
822 509 885 591 '489

217 614 221 622 '
236 609 299 662 lbid.
321 607 364 663 11}
387 615 491 683 Eumque
511 615 624 664 oddislum
631 616 683 680 jam
696 631 744 664 tum
755 629 814 682 puto
829 615 887 681 effe.z
955 656 959 664 .

201 684 261 734 Duo
283 685 365 736 ultima
384 690 458 737 verba
478 689 543 738 delet
564 688 629 737 Frid.
651 685 802 739 Gronovius.
818 685 886 738 Eunt'

199 757 330 822 prlaesertim
345 793 353 819 ,
369 760 446 826 inquit
455 761 561 818 Cicero,
578 777 648 827 quem
662 759 710 826 jam
726 774 782 811 ante
792 775 830 812 tot
841 778 883 825 an·

200 847 247 879 nos
263 832 402 896 praedicavit
425 833 615 900 Calrurpoe'ta,
637 845 664 881 ut
687 832 816 898 Hipponax
834 835 885 884 ain-¹

201 904 321 952 thermum
341 906 366 955 &
383 904 515 971 Bupalum,
539 907 565 956 δι
586 905 652 970 quasi
673 922 755 971 praeco
772 907 885 956 venalem

201 975 330 1040 exposuit,
346 979 491 1045 tradiditque
507 978 610 1028 insanie
626 978 695 1028 velut
714 979 838 1045 proprium
859 979 885 1030 δι

201 1047 329 1099 addislum.
733 1085 735 1089 -

238 1121 299 1171 ibid.
319 1120 363 1171 26.
383 1121 518 1173 Salaconis.
538 1122 625 1173 Salaco
640 1121 660 1173 is
678 1121 782 1181 dicitur,
797 1120 838 1189 qui
855 1106 888 1172 si-¹

166 1227 171 1236 -
201 1195 276 1244 mulat
301 1194 326 1244 se
353 1194 451 1244 divitem
472 1194 543 1253 esse,
570 1213 642 1262 quum
664 1196 696 1245 sit
714 1211 832 1261 pauper,
860 1195 889 1245 irt'

202 1265 316 1332 pauperie
343 1266 508 1332 superbiens,
536 1281 577 1317 aut
604 1268 676 1316 etiam
700 1267 886 1319 luxuriosus'&

201 1341 292 1390 mollis.

240 1425 310 1475 301,
329 1425 371 1461 ιι.
387 1411 443 1468 Ne,
454 1411 476 1460 si
492 1410 558 1472 istum
575 1410 726 1461 babuerimus.
745 1410 819 1462 Forte
835 1414 888 1462 voi

203 1485 311 1543 excidit,
329 1497 356 1534 ut
375 1484 504 1550 legendum
523 1479 571 1542 sit',
588 1501 631 1543 ne,
651 1483 672 1532 si
688 1484 777 1545 illum,
799 1501 887 1548 nempe

202 1556 352 1622 Tigellium,
374 1557 516 1606 habuerimus
536 1556 666 1615 inimicum,
684 1556 798 1606 rideamus
815 1557 887 1606 risum

203 1630 359 1679 Sardonicum
368 1645 376 1687 ς
395 1630 459 1696 quod
476 1629 563 1678 dicitur
578 1631 608 1678 de
624 1630 670 1687 iis,
689 1629 728 1694 qui
743 1630 768 1679 in
783 1630 890 1678 maximo

203 1701 246 1751 suo
261 1703 347 1750 damno
359 1701 503 1768 &periculo
519 1702 599 1751 rident
610 1701 636 1750 δι
646 1702 767 1765 jocantur.
785 1701 886 1767 Manum

204 1776 232 1824 de
242 1773 333 1824 tabula.
344 1773 500 1824 Proverbium
513 1775 651 1841 sumptuma
662 1775 743 1839 pueris
754 1774 869 1839 pislorum
878 1779 892 1839 ,J

205 1848 262 1912 qui,
281 1848 380 1897 absente
396 1846 524 1914 magistro,
544 1848 638 1913 sumpto
650 1847 782 1912 penicillo,
798 1846 889 1912 aliquid

206 1920 293 1984 &ipsi
310 1919 392 1969 furtim
409 1920 508 1987 pingere
531 1932 660 1969 conantur.
680 1919 797 1988 Magister
814 1919 894 1980 adest.

205 1996 301 2058 Nempe
319 1992 406 2044 Caesat.
426 1992 517 2043 Vereor
531 2012 560 2042 ne
577 1992 735 2041 lucernarium
747 1992 887 2042 Catonibus.
958 2024 961 2029 -
1009 1993 1012 1997 ⁴

206 2067 245 2115 Ne
265 2066 295 2115 ad
310 2063 401 2116 inferos
418 2066 527 2115 demittat
544 2066 633 2114 Catoni
647 2065 760 2125 deditos,
773 2065 894 2131 meipsum·

206 2140 232 2189 ὅ(
243 2151 285 2196 te,
303 2138 343 2204 qui
359 2138 459 2187 Catonis
474 2139 558 2187 laudes
574 2138 717 2203 scripsimus.

242 2211 305 2260 lbid.
324 2226 368 2260 22.
391 2209 453 2277 Urge
468 2210 548 2278 igitur.
567 2210 604 2259 lta
621 2227 675 2259 cum
688 2208 792 2277 vulgatis
807 2209 889 2261 codex

206 2300 267 2333 unus
285 2299 299 2331 e
314 2282 395 2350 regiis.
417 2283 508 2340 Alter,
529 2299 599 2352 urgeo
610 2282 698 2352 igitur,
710 2284 777 2349 quod
791 2275 894 2335 videtur¹

206 2357 305 2408 retium.

244 2442 373 2493 302,·12.
389 2425 486 2479 Vesicae
502 2426 527 2477 δι
544 2425 708 2475 intestinorum
719 2427 828 2478 morbos.
893 2451 895 2456 ¹

243 2501 305 2551 lbid.
324 2501 364 2551 16.
382 2499 549 2550 Intestinorum
564 2500 683 2549 morbum.

243 2574 306 2623 lbid.
323 2588 367 2623 22.
382 2571 580 2622 Mediocritatem
591 2603 598 2628 ,
610 2571 783 2639 frugalitatem.

244 2646 305 2695 lbid.
324 2659 369 2709 29.
385 2645 442 2696 Alvi
458 2643 610 2710 profluvium.
683 2652 685 2655 ’

246 2731 314 2782 304,
329 2718 373 2767 28.
387 2716 435 2765 Ubi
450 2734 492 2778 nec
499 2715 677 2783 Pelopidarum.
689 2714 780 2781 Supple
791 2723 895 2789 nomen,

211 2809 256 2842 nec
266 2790 334 2857 sassa
349 2790 451 2838 audiam.
831 2802 833 2805 ⁴

247 2862 316 2948 3op,
335 2878 360 2926 5.
377 2860 428 2914 Usu
442 2862 539 2929 quidem
556 2872 627 2920 tuus,
643 2859 793 2929 possessione
810 2868 902 2910 autem-⁶

209 2937 308 3060 Atiiiiii.
330 3022 370 3073 17.
392 3006 482 3070 Nostra
502 3005 607 3074 refigere.
624 3006 679 3055 Hoc
694 3002 746 3063 esi,
763 3002 903 3069 pecunias,²

212 3100 270 3152 quas
288 3079 328 3134 hic
343 3082 422 3134 habeo
439 3079 572 3135 collocatas
590 3115 598 3143 ,
616 3079 643 3134 dt
658 3077 726 3147 quari
741 3075 819 3202 spru,
838 3078 905 3130 libe..

781 3166 798 3212 v,

887 3195 906 3225 A
