2184 3975
216 487 304 560 'An
316 447 740 560 FAmntAnnsLthl.
779 486 828 562 81

141 597 257 666 (difies.
279 603 383 685 Magni
404 605 484 664 enim
501 604 656 667 videbatur
673 603 833 680 intereffe,

129 687 183 747 -ad
202 706 273 747 eam
288 685 550 759 necessitudinem,
569 705 656 767 quam
674 688 757 749 nobis
771 686 832 747 sors

143 765 289 828 tribuiffet
307 794 322 840 ,Δ
344 764 581 826 consuetudinem
606 784 721 849 quoque
744 788 832 830 acce·

142 848 227 909 dere.
254 845 445 928 Posteaquam
465 847 537 906 mihi
556 846 627 907 nihil
646 868 738 929 neque
762 872 778 909 a
800 868 831 911 te

142 929 150 943 '
175 927 232 1003 so,
249 947 348 1008 neque
364 926 400 986 ab
420 926 482 987 ullo
501 929 560 987 alio
581 928 618 987 de
637 930 762 990 adventu
778 941 831 991 tuo

141 949 347 1082 idribeoerur,
375 1008 498 1070 verebar
525 1027 566 1068 ne
590 1010 621 1068 id
647 1013 687 1070 ita
716 1009 832 1072 caderet

144 1089 262 1186 (quod
287 1090 378 1150 etiam·
401 1110 477 1149 nunc
500 1087 640 1171 vereor)
668 1110 706 1150 ne
733 1090 800 1151 ante
818 1135 831 1162 ,
886 1164 889 1171 Ι

144 1191 233 1252 quam
256 1189 288 1231 tu
306 1171 336 1229 in
358 1172 538 1250 provinciam
556 1167 698 1244 veniffes‚
717 1191 774 1253 ego
793 1171 831 1232 de

144 1253 301 1334 provincia
317 1249 500 1310 decederem.
523 1249 638 1331 Accepi
655 1269 752 1312 autem
769 1269 831 1314 ate

145 1331 242 1394 musas
263 1332 374 1392 litteras
397 1333 427 1391 in
447 1329 572 1404 Cilicia,
593 1354 682 1413 quum
701 1329 832 1393 effemin

145 1413 275 1486 castris,
303 1430 369 1471 ante
399 1412 477 1471 diem
504 1429 536 1472 x.
561 1412 626 1472 Kal.
654 1412 835 1492 Quintiles,

145 1490 265 1576 scriptas
293 1492 528 1564 humanissime,
558 1494 659 1571 quibus
686 1493 768 1553 facile
795 1493 829 1551 &

147 1575 278 1636 officium
291 1573 324 1633 &
335 1575 484 1654 ingenium
495 1587 580 1630 tuum·
592 1572 716 1654 perspici
724 1571 833 1653 poffet:

147 1656 196 1716 fed
223 1673 325 1736 neque
347 1653 454 1727 unde,
482 1673 578 1732 neque
604 1655 735 1734 quodie
758 1654 835 1713 dataev

149 1735 260 1811 essent,
281 1749 369 1814 atque
389 1750 448 1814 quo
470 1751 604 1814 tempore
629 1755 660 1793 te
682 1733 834 1814 exspecta-

111 1868 114 1873 .
150 1838 232 1893 tem,
249 1812 469 1898 significabant3
486 1834 542 1873 nec
555 1816 600 1887 is,
614 1816 665 1894 qui
681 1815 836 1890 attulerat,

150 1920 166 1957 a
184 1914 221 1958 te·
236 1914 410 1976 acceperat,
433 1913 464 1954 ut
483 1909 522 1954 ex
539 1915 576 1954 eo
596 1893 696 1955 scirem
713 1917 771 1976 quo
793 1917 832 1956 erc

152 1979 218 2040 loco
229 2022 243 2053 ,.
257 1978 290 2039 δι
308 1997 367 2057 quo
384 1993 517 2056 tempore
537 1973 626 2038 effent
646 1976 727 2038 datae.
747 1974 828 2055 Quae

151 2078 239 2140 quum
266 2054 358 2119 essent·
381 2059 520 2129 incerta,
550 2058 833 2118 existimavi'tamen·

150 2140 205 2214 effe
232 2138 425 2211 faciendum,
453 2154 485 2197 ut
503 2137 543 2196 ad.
562 2156 591 2198 te
614 2137 732 2199 statores
748 2159 837 2199 meos

151 2221 181 2281 ἃ
196 2220 311 2281 Ῑίὂὶοῐθε
330 2238 397 2278 cum
418 2218 519 2284 litteris
536 2216 681 2290 mitterem
696 2241 709 2292 3
723 2242 792 2299 quas
807 2222 835 2281 si

151 2301 213 2363 satis
236 2317 406 2381 opportuno
428 2316 562 2379 tempore
585 2300 740 2380 accepisti,
780 2323 834 2359 ra·-

97 2434 100 2439 .
150 2386 293 2442 tissimum
312 2380 382 2438 mihi
398 2377 499 2438 feceris
511 2424 530 2452 ‚⁷
544 2382 568 2439 si
590 2381 628 2448 ad
647 2402 693 2440 me
712 2384 742 2439 in
757 2322 835 2441 dili-

150 2468 224 2523 ciam
253 2462 467 2543 quamprimum
496 2463 621 2520 veneris.
649 2462 727 2520 Nam
752 2462 833 2542 quod

150 2545 185 2603 ad
211 2564 260 2601 me
289 2538 422 2613 Curius,
446 2538 633 2601 consobrinus
654 2560 740 2611 tuus,
763 2544 837 2602 mihi

149 2623 164 2700 (
180 2642 211 2684 ut
229 2621 316 2761 [εἰς]
329 2621 453 2680 maxime
469 2620 659 2696 necessarius,
672 2624 751 2763 ‹puod
764 2629 834 2683 item

150 2704 186 2767 C.
209 2704 294 2784 Virg'
308 2705 351 2761 ius
371 2704 550 2782 propinquus
571 2704 634 2763 tuus
647 2748 659 2775 ‚.
687 2705 842 2763 amiliaris-

152 2790 242 2847 simus
265 2782 394 2854 noster,
427 2782 511 2842 dete
532 2787 740 2844 accuratissime
763 2784 841 2842 scri-

147 2870 231 2951 psit,
250 2865 331 2923 valet
350 2862 381 2921 id
396 2863 513 2942 quidem
534 2867 610 2945 apud
628 2888 679 2926 me·
692 2866 814 2924 multum
826 2908 842 2939 ‚

147 2949 236 3009 sicuti
256 2945 347 3005 debet
367 2943 517 3004 horminum
536 2949 773 3007 amicissimorum
792 2944 841 3002 di«

145 3032 244 3114 ligeris
270 3024 516 3088 commendatio:
549 3027 600 3090 sed
629 3045 683 3087 tuae
711 3026 841 3103 litterae,

665 3104 736 3169 Du
