2184 3975
231 347 304 416 Aa
322 349 585 456 Farrrrraarr
595 350 682 422 ιιι.
699 349 749 422 ΙΙ.
784 359 837 443 '49

140 459 308 544 ‘quidquam
335 478 366 523 te
390 459 506 523 absente
523 460 622 538 ¹sieri,
648 466 728 548 quod
755 467 838 546 ribi,
884 484 887 491 ·

185 565 238 605 um
252 541 398 617 venisses,
415 562 476 602 non
492 542 562 605 esset
577 547 636 607 inte
658 567 730 608 rum.
749 546 836 630 Equi-

142 564 214 686 Ἐπὶ
242 625 314 706 quid
342 623 491 698 sentiam,
516 643 566 685 aut
594 567 714 686 scriimm
740 629 777 688 ad
802 646 835 693 te

143 704 247 786 postea
263 707 413 788 pluribus,
428 722 497 776 aut,
516 725 554 765 ne
571 706 607 766 ad
622 727 657 768 ea
668 708 830 785 meditere,

143 790 321 868 imparatum
344 804 375 848 te
396 783 564 860 offendam,
588 788 745 869 corimque
766 810 837 850 con·

141 884 190 928 tra
211 866 292 928 istam
310 870 474 939 rationem,
495 888 592 928 meam
609 868 722 941 dicam;
739 887 771 931 ut
788 888 837 934 aut
920 892 924 898 ·

144 963 177 1009 re
202 949 234 1007 in
260 968 359 1009 meam
384 946 558 1008 sententiam
587 949 753 1025 adducam,
787 967 837 1013 aut

143 1031 226 1090 certe
247 1027 383 1090 testatum
403 1029 479 1109 apud
500 1031 629 1090 animum
643 1048 728 1091 tuum
745 1032 835 1093 relin-

165 1130 264 1184 uam,
296 1110 365 1192 quid
393 1108 556 1183 senserim3
584 1128 643 1184 ut,
665 1114 689 1170 si
713 1112 834 1195 quando

141 1130 263 1273 dquod
284 1189 410 1273 nolim)
437 1189 585 1272 displicere
609 1192 661 1252 ribi
678 1195 833 1254 consilium

140 1291 228 1333 tuum
258 1275 411 1353 coeperit,
434 1275 538 1410 possis'
553 1293 652 1333 meum
676 1275 834 1336 recordari.

143 1351 356 1427 Brevitamen
377 1355 417 1412 sic
456 1354 565 1427 abeto,
583 1356 613 1413 in
638 1374 707 1413 eum
726 1352 833 1416 statum

142 1449 318 1514 temporum
345 1448 427 1495 tuum
455 1433 581 1494 reditum
610 1433 767 1508 incidere,
797 1451 832 1494 ut

143 1515 179 1574 iis
198 1514 314 1588 bonis,
331 1535 395 1595 quae
412 1513 464 1574 ribi
484 1513 603 1588 naturi,
630 1511 746 1589 studio,
764 1513 833 1574 for-

143 1595 217 1656 tuni
237 1595 305 1659 data
321 1593 404 1668 sunt,
422 1593 532 1656 faciliirs
551 1597 671 1667 omnia,
688 1615 751 1674 quae
767 1594 833 1657 sunt

146 1675 327 1756 amplissima
349 1679 380 1736 iu
399 1677 571 1756 republica,
597 1673 735 1758 consequi
756 1697 836 1756 pos-

147 1759 219 1828 sis,
247 1756 336 1838 quim
361 1757 552 1829 muneribus3
584 1777 709 1837 quorum
735 1776 833 1837 neque

147 1835 317 1898 facultatem
333 1836 482 1920 quisquam
497 1835 678 1920 admiratur(
695 1835 736 1898 est
750 1841 831 1898 enim

144 1920 317 2001 copiarum,
334 1938 395 1978 non
410 1919 522 1979 virtutis
539 1918 554 2000 )
570 1937 665 1999 neque
681 1917 831 2001 quisquam

146 2000 217 2075 est,
238 2002 309 2082 quin
329 1999 457 2059 satietate
478 1998 538 2078 jam
560 1998 682 2059 defessus
702 2003 746 2059 sit.
772 1999 832 2061 Sed

145 2084 230 2142 aliter
250 2098 336 2162 atque
362 2078 563 2154 ostenderam,
582 2080 680 2152 facio,
708 2083 757 2161 qui
779 2084 830 2141 in-

146 2162 262 2245 grediar
285 2162 321 2221 ad
341 2162 541 2241 explicandam
560 2166 703 2221 rationem
720 2161 832 2223 senten·

145 2247 193 2304 tiae
216 2262 301 2303 meae.
326 2239 428 2320 Quare
456 2262 576 2303 omnem
605 2242 679 2300 hanc
702 2241 829 2322 disputa·

145 2327 262 2385 tionem
274 2326 313 2382 in
333 2323 492 2384 adventum
513 2344 594 2382 tuum
616 2320 728 2383 differo.
744 2323 829 2383 Sum-

146 2428 193 2468 ma
213 2404 288 2465 scito
305 2406 335 2462 in
355 2403 569 2485 exspediatione
586 2419 616 2464 te
634 2400 711 2476 elle,
736 2424 829 2485 eaque

146 2508 163 2546 a
184 2505 215 2547 te
237 2481 416 2564 exspeslari,
439 2505 504 2566 quae
527 2483 668 2543 asumma
692 2486 798 2546 virtute
821 2531 832 2559 ,

146 2567 321 2647 summoque
339 2568 457 2648 ingenio
478 2563 667 2645 exspeslanda
684 2564 765 2625 sunt:
791 2568 829 2627 ad

148 2669 213 2730 quae
236 2649 260 2705 si
287 2668 338 2720 es,
353 2663 385 2724 ur
401 2647 511 2721 debes,
528 2663 641 2727 paratus
660 2644 673 2726 (
691 2647 770 2727 quod
786 2651 829 2705 ita

92 2783 95 2800 ,
148 2727 204 2791 esse
227 2726 346 2788 confido
368 2725 531 2809 )plurimis
550 2727 736 2809 maximisque
759 2747 830 2785 mu-

93 2823 96 2834 '
148 2808 264 2871 neribus
293 2809 327 2869 &
352 2827 408 2869 nos
428 2812 536 2868 amicos
561 2854 571 2883 ,
597 2810 629 2871 &
658 2812 736 2871 cives
762 2824 829 2867 tuos

149 2888 321 2964 universas,
340 2888 600 2974 &rempublicam
618 2888 735 2955 afficies.
755 2884 831 2952 Illud

188 2976 295 3038 Tamus
313 2971 374 3052 xl,
685 2964 713 3029 C
771 2984 777 2988 ·
