2184 3975
200 514 275 610 258
341 515 726 585 Eorrronaouut

200 631 258 692 deo
275 651 282 688 :
295 628 356 709 ejus
368 628 520 689 Falernum
532 629 603 689 mihi
613 627 728 708 semper
744 626 864 689 idoneum

200 710 292 772 visum
311 709 352 771 est
371 709 559 784 deversorio,
578 710 714 770 simodo
734 709 799 769 tecii
815 709 866 769 satis
914 762 919 775 ,

200 792 302 852 estad
331 794 499 851 comitatum
523 787 652 850 nostrum
675 790 869 870 recipiendum.
916 784 920 865 ξ

200 871 311 934 Cetero
334 875 363 932 ui
381 871 450 931 mihi
475 871 556 930 locus
573 893 633 932 non
655 870 807 953 displicet,
824 889 870 930 nec
917 870 920 957 i

201 954 239 1015 ei
255 975 286 1015 re
311 895 456 1013 seminum
473 969 554 1012 tuum
580 951 710 1012 deseram
729 971 737 1011 r
759 951 871 1012 nam&
918 964 920 1017 t

198 1035 296 1106 villa,
323 1035 356 1093 &
380 1035 530 1093 amoenitas
553 1033 623 1108 illa,
645 1034 874 1093 commorationis

202 1113 267 1189 est,
286 1135 346 1173 non
368 1112 533 1174 deversorii.
554 1112 605 1175 De
625 1116 776 1174 curatione
796 1113 877 1194 aliqua

201 1215 354 1256 munerum
373 1214 404 1255 re
425 1197 545 1268 ionum,
562 1215 629 1256 eum
650 1191 759 1274 Oppio
775 1195 877 1255 locutus

202 1275 290 1338 sum:
314 1295 381 1334 nam
400 1213 544 1350 salbum,
564 1273 665 1356 postea
688 1274 779 1356 quim
804 1292 834 1336 tu
850 1293 878 1334 es

223 1353 366 1428 rescitur,
388 1377 449 1416 non
472 1355 533 1418 vidi
555 1376 566 1429 ;
585 1358 671 1418 tantis
693 1355 806 1436 pedum
825 1355 879 1415 do-

201 1378 311 1498 ionibus
335 1435 484 1512 afficitur,
509 1451 542 1498 ut
569 1434 599 1499 se'
627 1439 782 1497 conveniri
805 1436 881 1498 nolit.

205 1517 340 1581 Omnino
357 1518 393 1578 de
414 1534 543 1593 tutare,
561 1537 594 1580 ut
608 1518 681 1578 mihi
698 1518 830 1592 videtur,
842 1516 881 1577 sa·

203 1602 329 1681 pientius
352 1599 487 1672 faceres,
511 1601 536 1659 si
561 1621 621 1661 non
646 1618 785 1660 curares-t
809 1597 882 1680 quod

204 1684 284 1742 enim
302 1699 339 1740 eo
361 1680 461 1742 labore
479 1678 587 1761 assequi
607 1682 674 1754 vis,
692 1680 776 1741 nullo
797 1680 881 1740 modo

205 1759 368 1843 assequere:
381 1779 460 1822 tanta
474 1759 515 1820 est
530 1764 610 1821 enim
628 1763 801 1838 intimorum)
810 1761 883 1821 mule

202 1843 319 1915 titudo,
345 1859 377 1901 ut
395 1862 432 1903 ex
452 1843 498 1906 his
521 1843 624 1924 aliquis
644 1843 748 1983 potius
769 1839 884 1915 effluat,

204 1922 293 2003 quim
307 1944 389 1982 novo
405 1926 441 1982 sit
456 1922 569 1997 aditus,
583 1944 642 2004 prae
655 1925 741 1984 ertim
757 1925 807 2005 qui
819 1923 882 1983 nihil

125 2074 128 2078 ,
205 2002 305 2065 afferat
324 2020 427 2083 prater
444 2024 565 2084 operam
579 2023 589 2077 ;
605 2007 636 2065 in
655 2025 712 2086 qua
730 2003 782 2067 ille
797 2003 825 2065 se
838 2005 885 2066 ‹ir-

205 2084 274 2145 disse
290 2083 466 2145 beneficium
486 2085 620 2164 putabit,
640 2084 774 2145 simodo
796 2083 884 2165 ipsum

204 2164 291 2235 sciet,
314 2185 374 2224 non
384 2164 531 2245 accepisse.
542 2164 601 2225 Sed
612 2183 709 2226 tamen
725 2165 834 2247 aliquid
844 2168 886 2228 vi·

203 2244 356 2316 ciebimus,
370 2245 400 2302 in
416 2266 476 2325 quo
485 2247 522 2305 sit
535 2244 661 2326 species:
672 2246 756 2307 aliter
771 2247 884 2329 quidem

203 2346 264 2386 non
292 2323 384 2384 modi>
405 2344 465 2385 non
487 2348 503 2385 a
526 2326 777 2407 petendum5sed
802 2330 885 2390 etiam

202 2405 374 2488 fugiendum
396 2424 479 2486 puro.
502 2348 567 2490 Ego
585 2429 633 2470 me
657 2407 770 2470 Asturae
786 2410 886 2469 diutius

203 2490 326 2548 arbitror
346 2491 722 2573 commoraturum,quoad
739 2490 789 2558 ille
798 2510 884 2573 quau·

205 2568 303 2652 doque
322 2571 428 2633 veniat.
444 2570 530 2633 Vale.

324 2707 487 2773 Creone
518 2709 770 2783 Toranio&
835 2700 842 2711 ’
871 2691 873 2695 ’

206 2852 360 2904 Tomws
380 2850 447 2918 exsul
465 2855 542 2903 voluit
559 2850 696 2919 cesarianis
716 2873 746 2906 ex
768 2850 883 2922 Hijiuorio

241 2925 503 2983 tantumtantum,
523 2944 568 2983 ut,
589 2929 687 2993 caprarii
713 2929 810 2978 illorum
831 2944 882 2996 gra·

241 3001 295 3054 rio,
305 2997 404 3065 facilius
422 2997 506 3067 Caesari
521 3001 717 3051 reconciliaretur
737 3019 745 3051 :
768 3003 830 3069 quod
847 2998 884 3050 Οἱ·

200 3073 204 3079 ’
242 3090 295 3123 cero
317 3069 456 3139 diffundor,
480 3074 502 3125 δ’
525 3090 618 3125 manere
634 3073 728 3141 juber,
758 3074 881 3132 obierat,
