2184 3975
213 519 284 588 Ao
295 516 710 589 hirriunLrnVll.
749 517 820 589 281

140 631 250 704 rebus,
271 652 336 713 qua
360 631 525 692 mehercule
551 631 620 690 mihi
636 654 696 694 non
720 636 826 695 minori

140 733 217 775 tura
234 713 316 786 sunt,
358 711 424 772 uim
439 733 523 772 meae.
541 711 638 772 Valde
654 735 773 788 metuo,
786 734 824 776 ne

139 794 246 877 frigeas
273 796 305 854 in
321 733 470 853 bibernis:
495 792 685 871 quamobrem
708 798 823 857 camino

139 873 294 935 luculento
304 874 446 933 utendum
459 870 573 931 censeo.
588 871 668 933 ldem
682 874 714 933 δι
726 874 826 935 Mucio

139 953 174 1014 &
192 953 319 1015 Manilio
337 951 487 1033 placebat,
507 951 665 1030 praesenin
687 956 736 1034 qui
752 953 779 1014 sa
799 957 824 1016 is
937 990 940 997 ,

138 1054 201 1095 non
217 1032 396 1093 abundares:
414 1053 589 1113 quamquam
603 1055 659 1093 vos
674 1036 772 1093 nunci
797 1037 824 1094 'c

139 1112 205 1174 saris
230 1114 325 1192 calere
351 1113 464 1172 audio:
493 1133 553 1192 quo
579 1114 695 1191 quidem
721 1118 824 1176 nuntio

138 1194 225 1254 valde
246 1191 412 1253 mehercule
430 1192 467 1252 de
484 1207 514 1252 te
532 1194 692 1254 timueram.
713 1193 771 1254 Sed
790 1213 823 1257 tu

138 1274 169 1333 in
190 1272 355 1333 re‘milirari
370 1272 461 1333 mulrb
479 1291 511 1332 es
532 1275 663 1345 cautior,
683 1273 769 1353 quim
790 1277 822 1335 ira

139 1352 411 1427 advocationibus,
440 1354 489 1432 qui
516 1372 612 1433 neque
639 1357 668 1413 in
697 1352 822 1416 Oceano

138 1453 239 1512 natare
257 1433 410 1506 volueris,
430 1431 650 1492 studiosissimus
664 1434 756 1493 homo
773 1454 824 1497 na·

138 1515 244 1588 tandi3
274 1532 370 1594 neque
393 1511 517 1593 speilare
537 1512 713 1587 essedarios,
732 1534 822 1594 quern

138 1612 225 1655 antea
250 1613 289 1654 ue
313 1592 485 1653 andabatam
533 1593 632 1654 uidem
652 1591 826 1656 defraudare

160 1693 318 1736 oteramus.
347 1671 405 1733 Sed
433 1671 492 1751 jam
512 1614 583 1733 laris
608 1672 696 1752 jocati
716 1673 824 1750 sumus,

137 1696 203 1838 bgo
227 1755 264 1814 de
285 1771 314 1814 te
334 1752 371 1812 ad
394 1752 537 1812 Caesarem
581 1754 648 1813 uim
669 1756 824 1838 diligenter

137 1835 325 1916 scripserim,
345 1851 405 1894 tute
425 1832 477 1892 scis
497 1852 507 1905 ;
531 1776 618 1913 mbm
638 1834 734 1916 saepe,
755 1848 822 1919 ego'.

138 1915 198 1977 Sed
215 1913 381 1975 mehercule
401 1911 459 1993 jam
477 1913 702 1989 intermiseram,
721 1937 758 1976 ne
777 1920 823 1978 vi·

139 1997 225 2058 decer
236 1996 426 2056 liberalissimi
438 1996 581 2068 hominis,
592 2000 708 2076 meique
724 2019 822 2056 aman·

137 2078 243 2137 tissimi
265 2075 407 2135 voluntati
428 2095 495 2156 erga
520 2096 568 2134 me
593 2075 732 2135 diffidere.
761 2076 821 2138 Sed

137 2173 238 2218 tamen
263 2155 305 2214 his
325 2155 452 2226 litteris,
477 2175 549 2234 quas
571 2157 702 2234 proximi
728 2157 820 2232 dedi,

160 2233 241 2298 citavi
262 2232 319 2295 effe
341 2236 489 2318 hominem
506 2236 771 2296 commonendum:
789 2236 820 2298 id

137 2257 218 2379 beri:
239 2315 309 2396 quid
327 2315 500 2395 profecerim
519 2359 530 2389 ,
549 2314 636 2375 facias
655 2337 704 2377 me
727 2318 818 2379 velim

137 2398 322 2468 certiorem,
346 2395 480 2455 &simul
501 2393 539 2455 de
560 2414 625 2456 roro
647 2394 718 2457 statu
735 2415 786 2457 tuo
808 2443 820 2473 ,

139 2475 322 2556 consiliisque
349 2477 493 2535 omnibus.
524 2474 603 2535 Scire
627 2478 706 2536 enim
733 2478 819 2559 cupio

139 2558 209 2639 quid
228 2575 322 2695 appr,
347 2556 416 2634 quid
436 2553 582 2635 exspectes
603 2599 613 2627 ,
643 2558 729 2635 quim
747 2560 818 2618 lon-

137 2658 210 2720 gum
230 2639 238 2694 i
283 2655 313 2692 m
331 2652 413 2695 tuum
438 2634 585 2695 discessum
607 2658 623 2695 a
643 2639 727 2696 nobis
744 2639 819 2697 futu-

139 2737 203 2777 tum
221 2734 317 2798 putes.
334 2713 380 2775 Sic
407 2719 486 2777 eninr
505 2718 556 2774 ribi
580 2714 746 2794 persuadeas
763 2735 818 2775 ve-

139 2798 208 2873 lim,
228 2815 320 2857 unum
335 2796 404 2855 mihi
426 2794 481 2856 esse
500 2795 651 2868 solatium,
672 2817 760 2876 quare
778 2794 820 2852 fa·

140 2879 218 2937 cilius
258 2877 348 2936 ossim
368 2878 429 2957 pati
449 2893 478 2935 te
502 2874 559 2936 esse
580 2880 639 2937 sine
667 2877 771 2943 nobis,
791 2874 817 2932 si

139 2959 189 3018 tibi
204 2898 262 3018 elle
280 2955 311 3015 id
327 2957 525 3016 emolumento
541 2955 644 3017 sciam:
661 2957 703 3013 sin
720 2970 817 3010 autem

137 3038 168 3101 id
186 3059 250 3103 non
267 3032 335 3112 est,
361 3035 432 3100 nihil
451 3037 564 3102 duobus
585 3035 669 3099 nobis
686 3032 726 3098 cst
744 3030 818 3109 siul-⁴

820 3335 959 3503 Γ
