2184 3975
289 482 358 549 Au
372 482 706 549 muranum.
722 479 790 550 IX.
819 500 892 573 379

206 592 239 655 δι
257 614 352 676 urgeo
369 590 489 665 forum,
506 592 747 654 senatusconsulta
765 595 894 655 scribun-

205 693 252 737 tur
286 674 366 756 apud
396 694 555 734 amatorem
585 693 688 746 tuum,
720 675 892 736 familiarem

205 774 336 817 meum:
370 753 403 813 ὃ(
425 755 571 835 quidem,
597 777 686 838 quum
711 759 739 814 ia
761 777 891 818 mentem

203 838 287 899 venit
306 880 319 907 ‚
351 856 448 915 ponor
476 835 514 895 ad
538 835 720 897 scribendum
732 858 743 909 ;
775 838 805 895 ὃ(
824 840 890 898 ante

204 917 291 978 audio
310 914 587 977 senatusconsultum
609 921 639 976 in
663 916 834 977 Armeniam
858 918 892 977 δι

203 995 321 1078 Syriam
349 994 408 1056 effe
450 998 603 1071 erlarum,
631 999 711 1079 quod
737 1000 767 1057 in
793 1017 891 1057 meam

202 1078 377 1139 sententiam
389 1019 495 1137 fad'um
508 1077 565 1138 esse
577 1079 707 1153 dicatur,
722 1078 810 1158 qu'am
827 1099 891 1137 om·

203 1160 274 1220 uino
295 1161 478 1219 mentionem
495 1160 582 1218 ullam
600 1160 636 1220 de
657 1181 690 1220 ea
707 1179 737 1218 re
755 1157 811 1220 elle
828 1157 889 1218 fac-

203 1256 274 1301 tam.
296 1238 340 1299 At
361 1260 398 1300 ue
417 1239 475 1299 hoc
494 1240 588 1299 nolim
610 1260 657 1299 me
673 1238 763 1318 jocari
782 1258 887 1319 putes:

202 1340 271 1381 uam
294 1322 373 1379 'mi'
401 1318 473 1379 scito
503 1317 562 1397 jam
591 1343 608 1378 a
635 1324 751 1403 regibus
777 1320 886 1379 ultimis

202 1402 303 1463 allatas
326 1396 383 1461 esse
401 1401 532 1471 litteras,
559 1400 660 1480 quibus
688 1402 758 1458 mihi
785 1402 888 1481 gratias

202 1500 311 1563 agant,
328 1480 409 1561 quod
427 1480 456 1542 se
477 1480 544 1541 med
567 1480 707 1542 sententia
727 1500 810 1577 reges
831 1501 888 1559 ap-

202 1562 403 1645 pellaverim
429 1582 503 1642 quos
522 1582 578 1642 ego
600 1583 661 1622 non
688 1562 780 1621 modo
804 1580 888 1640 reges

202 1666 219 1703 a
240 1644 388 1723 pellatos,
407 1640 457 1701 sed
473 1644 596 1701 omnino
611 1661 694 1703 natos
714 1640 888 1701 nesciebam.

202 1665 289 1803 &uid
305 1742 378 1805 ergo
397 1720 464 1782 est?
490 1741 589 1783 tamen
610 1723 748 1802 quamdiu
767 1722 812 1779 hic
832 1723 887 1780 erit

200 1802 299 1867 noster
309 1803 357 1863 hic
369 1801 517 1883 praeseslus
534 1803 682 1875 moribus,
695 1803 805 1883 parebo
820 1822 888 1859 auc·

200 1887 311 1947 toritati
324 1902 398 1944 tuae:
415 1904 503 2023 puum
517 1885 589 1945 veri>
605 1882 762 1956 aberit,ad
777 1881 886 1962 fungos

201 1987 250 2028 me
267 1984 335 2027 tuos
357 1984 412 2024 con
425 1984 514 2024 eram.
541 1963 676 2025 Domum
699 1965 722 2023 si
740 1962 856 2030 habebo
875 2009 888 2036 ,

199 2049 230 2106 in
248 2047 343 2108 denos
360 2046 443 2118 dies,
460 2046 590 2125 singulos
612 2045 792 2123 sumptuariae
813 2045 887 2125 legis

200 2127 264 2188 dies
286 2124 462 2188 conseram:
492 2128 536 2185 sin
559 2143 655 2185 autem
681 2128 775 2184 minlrs
796 2126 885 2184 inve-

200 2229 291 2280 nero,
305 2206 385 2288 quod
397 2207 524 2286 placeat,
536 2205 652 2266 decrevi
666 2205 794 2265 habitare
807 2204 886 2284 apud

200 2306 229 2350 re
239 2309 250 2362 3
268 2287 326 2347 scio
346 2289 423 2347 enim
442 2308 489 2353 me
507 2287 578 2346 nihil
594 2288 646 2347 tibi
665 2290 770 2368 gratius
790 2285 888 2345 farere

200 2367 291 2449 posse.
306 2367 440 2428 Domum
452 2366 597 2427 Sullanam
610 2366 796 2445 desperabam
810 2365 887 2442 jam,

199 2469 232 2510 ut
252 2449 305 2510 tibi
355 2448 469 2516 roxime,
487 2446 608 2527 scripsi:
634 2446 684 2505 sed
705 2464 803 2506 tamen
823 2466 884 2505 non

200 2526 303 2604 abieci.
320 2471 369 2588 su
386 2529 497 2600 velim,
522 2543 554 2587 ur
572 2526 687 2598 scribis,
709 2547 775 2584 cum
796 2525 884 2585 fabris

199 2630 266 2671 eam
282 2608 445 2691 perspicias.
464 2607 493 2667 Si
510 2611 589 2668 enim
604 2609 674 2667 nihil
690 2606 730 2668 est
746 2611 776 2666 in
795 2609 886 2685 parie·

199 2691 275 2752 tibus
293 2709 342 2752 aut
358 2694 389 2752 in
405 2689 483 2750 terto
500 2691 590 2766 vitii,
608 2707 703 2752 cetera
719 2688 791 2748 mihi
813 2703 886 2765 pror

198 2772 354 2834 habuntur.
378 2770 466 2833 Vale.

798 3149 991 3497 f
