2184 3975
224 504 276 583 42
373 478 773 558 urrsrornnnn·

224 623 281 684 que
308 601 426 664 habebis
448 621 576 684 ;⁷neque
599 603 669 663 mihi
688 604 718 664 in
741 592 824 666 omui¹
845 591 904 666 viri

224 704 273 744 res
300 700 359 743 tarn
389 685 442 742 erit
467 682 529 742 ulla-
551 687 728 763 proposita,
760 684 849 766 quim
873 701 904 746 ut

224 763 356 844 quotidie
382 764 584 825 vehementius
607 782 636 824 te
659 764 696 824 de
723 785 773 825 me
794 765 906 845 optime

223 848 362 905 meritum
379 842 435 905 esse
448 844 558 904 taeterer
574 842 669 922 Qubd
686 867 718 905 ro
740 867 771 904 as
789 860 904 906 urme'a

222 924 278 985 tibi
298 923 399 1004 scripta
421 924 559 996 mittam,
582 936 647 1005 q'uae
668 866 739 1004 poss
758 924 907 986 discessum

224 1019 309 1066 tuum
325 1004 501 1084 scripserim
515 1003 579 1064 sunt
595 1006 739 1067 orationes
754 1006 910 1086 quaedam3

225 1103 296 1165 quas
315 1085 483 1145 Menocrito
501 1085 598 1159 dabo,-
616 1103 710 1166 neque
728 1091 768 1147 ita
789 1089 909 1163 multa,-

226 1182 260 1225 ut
285 1160 480 1246 pertimescas-
504 1164 610 1246 Scripsi
637 1171 726 1228 etiarn
749 1165 850 1249 (narn
869 1167 907 1228 ab

223 1247 402 1307 orationibus
423 1244 516 1324 disjun
538 1268 557 1305 o
574 1267 625 1323 me
646 1246 730 1322 fere,
752 1247 908 1329 referoque

222 1327 262 1385 ad
279 1326 485 1387 mansuetiores
537 1325 629 1400 usas5
654 1331 719 1408 quae
740 1348 790 1388 me
810 1331 907 1389 maxi-

223 1407 296 1479 me,
317 1409 390 1467 sicut
407 1405 465 1484 jam
486 1417 502 1466 a·
522 1410 615 1489 prima
635 1407 828 1469 adolescentia
849 1409 907 1470 ded

221 1485 362 1548 tetrarum
376 1486 390 1569 )
404 1488 501 1568 scripsi
514 1489 601 1566 igitur
616 1485 790 1564 Aristotelen
808 1509 909 1565 more,-

223 1569 473 1646 quemadmodum
490 1569 609 1646 quidem
625 1569 707 1628 volui
721 1613 731 1643 ,
746 1587 805 1630 tres
818 1568 906 1630 libror

220 1647 254 1705 in
276 1647 465 1728 disputatione
492 1669 525 1706 ac
550 1647 668 1728 dialogo
687 1649 724 1708 de
745 1648 874 1710 Oratore
896 1688 909 1727 ,

224 1747 299 1808 quos
321 1729 441 1789 arbitror
460 1726 584 1788 Lentulo
604 1745 655 1787 tuo
673 1727 736 1790 sore
754 1750 816 1788 non
836 1731 908 1790 inu··

222 1808 298 1868 tiles.
332 1807 500 1868 Abhorrent
533 1810 612 1868 eninr
646 1828 663 1866 a
702 1808 909 1871 communibus

222 1891 378 1966 praesepris
399 1909 408 1960 3
439 1889 470 1946 &
493 1907 612 1948 ornnem
636 1891 847 1970 antiquorum,
876 1889 908 1950 st

224 1964 445 2040 Aristotelem,
459 1967 491 2027 &
505 1966 676 2029 Isocrateam
689 1971 832 2029 rationem
843 1991 909 2031 ow

223 2049 328 2108 toriam
348 2047 585 2130 complebuntur.
602 2047 708 2131 Scripsi
727 2054 817 2116 etiem
833 2065 910 2122 vers

223 2128 301 2190 sibus
324 2147 382 2191 tres
413 2133 501 2192 libros
529 2132 567 2191 cie
590 2132 769 2212 temporibus
800 2135 909 2208 meis,

223 2231 304 2291 quor
319 2210 378 2288 jam
393 2214 506 2291 pridem
528 2213 564 2271 ad
585 2229 614 2272 te
634 2211 790 2283 misissem,
809 2212 908 2275 siesse

225 2291 358 2352 edendos
379 2292 527 2373 putassem.
556 2291 627 2353 Sunt
646 2296 724 2352 enirn
743 2291 851 2370 testes,
874 2296 907 2355 &

222 2390 307 2432 erunt
345 2372 511 2454 sempiterni
548 2376 718 2433 meritorum
756 2394 825 2456 erga
858 2394 909 2438 me

226 2469 368 2529 tuorum,
384 2475 515 2535 meaeque
528 2457 558 2513 in
576 2471 606 2513 te
624 2457 749 2533 pietatis.
762 2454 822 2516 Sed
840 2458 909 2537 quie

144 2575 146 2579 μ
223 2534 370 2608 verebar,
391 2558 452 2596 non
470 2556 549 2608 eos,
577 2536 626 2614 qui
643 2533 672 2595 se
690 2534 771 2595 laesos
788 2536 907 2616 arbitra·

223 2632 321 2673 rentur
339 2613 473 2697 (etenim
487 2616 516 2674 id
532 2614 589 2676 feci
603 2617 688 2694 parce
705 2617 736 2675 ὃ(
750 2617 902 2697 molliter)

179 2761 182 2766 ¹
224 2692 274 2753 sed
293 2714 381 2769 ¹eos,
409 2717 482 2777 quos
509 2713 572 2756 erat
597 2694 742 2756 infinitum
763 2696 906 2776 benedt

223 2793 273 2834 rne
292 2777 410 2836 meritos
435 2796 536 2836 omnes
557 2777 718 2837 nominare.
747 2775 838 2855 Quos
859 2787 906 2836 ta&

224 2874 294 2915 men
309 2855 387 2935 ipsos
401 2857 511 2929 libros,
527 2857 651 2934 siquem
668 2860 712 2917 cui
730 2856 805 2918 resse
823 2873 905 2918 corn*

224 2938 337 3004 mittam
352 2937 514 3009 invenero,
532 2936 638 2995 curabo
657 2938 693 2997 ad
708 2955 736 2998 te
757 2936 904 3018 perferen·

218 3012 291 3077 'dos
319 3014 415 3096 Atque
441 3014 522 3078 istam
548 3016 667 3098 quidem
695 3034 810 3100 partem
836 3022 907 3083 vite
