2184 3975
199 502 279 598 2931
313 510 321 519 “’
348 505 729 574 Eprsrozmuu

200 621 288 682 vidi:
318 622 492 680 nominatim
521 617 575 677 tibi
603 619 685 698 signa
713 605 888 681 milri'tnote

201 699 402 772 mandassem,
418 703 443 761 si
461 695 631 780 probassem.
649 697 692 759 Ea
708 699 789 758 enim
807 701 886 781 signa

202 802 261 864 ego
283 801 382 842 emere
401 779 502 853 soleo,
523 799 588 860 quae
608 777 645 838 ad
668 777 890 841 similitudinem

201 863 424 1004 pymnasiorum
446 876 588 922 exornent
612 861 683 920 mibi
701 863 733 919 in
759 857 888 940 palaestra

214 963 312 1003 ocum.
329 941 431 1002 Martis
448 941 522 1002 verb
540 959 653 1078 srpnum
671 941 733 1021 qub
753 941 826 999 mibi
838 960 891 1020 pa-

202 1024 243 1084 cis
254 1022 379 1083 ausiori?
390 1021 516 1083 Gaudeo
525 1039 564 1079 nu
577 1020 637 1078 lum
646 1018 763 1080 Saturni
773 1023 890 1102 signum

201 1102 303 1164 fuisse:
322 1103 381 1164 bare
396 1104 475 1162 enim
490 1101 550 1160 duo
567 1100 650 1180 signa
667 1118 803 1182 putarem
817 1101 891 1161 mihi

131 1194 135 1200 '
201 1201 241 1242 ες
258 1183 382 1242 alienum
398 1180 531 1242 attulisse.
550 1181 690 1241 Mercurii
704 1181 827 1242 mallem
841 1181 892 1240 ali·

201 1264 284 1344 quod
300 1259 410 1323 suisset:
427 1261 560 1335 felicius,
575 1264 671 1341 puto,
686 1281 755 1322 cum
769 1259 893 1321 Ariane

200 1347 358 1426 transigere
378 1342 533 1423 possemus.
550 1340 647 1420 Quod
661 1342 713 1401 tibi
732 1339 890 1402 destinaras·

201 1425 458 1504 trapezophoron,
480 1426 504 1483 si
525 1440 555 1482 te
580 1421 723 1495 delebat,
744 1422 891 1483 habebis:

203 1507 248 1566 sin
264 1524 361 1566 autern
376 1504 544 1565 sententiam
558 1500 758 1584 mutasti,ego
772 1503 890 1563 habebo

203 1584 319 1646 scilicet.
335 1583 390 1644 Ista
406 1585 525 1665 quidem
537 1582 647 1642 summai
661 1603 707 1642 nae
721 1602 781 1666 ego
794 1581 891 1644 multb

200 1665 337 1726 libentius
350 1668 471 1726 emerim
487 1662 686 1724 deversorium
704 1661 892 1738 Tarracinae,

204 1765 242 1806 ne
260 1747 373 1826 semper
390 1745 496 1826 hospiti
514 1741 650 1804 molestus
665 1745 731 1804 sim.
753 1741 890 1804 Omnino
908 1764 911 1768 ⁸

202 1825 299 1886 riberti
316 1829 374 1885 mei
390 1827 480 1886 video
502 1823 562 1884 esse
582 1824 716 1904 cuipam,
735 1827 783 1884 eui
801 1825 892 1905 plane

201 1924 249 1965 res
280 1923 370 1966 certas
396 1905 593 1977 mandaram3
621 1907 753 1986 itemque
778 1904 892 1981 Junii,

201 1981 891 2148 325393113252‘3353‘rsfflsssdz

200 2146 325 2207 inssituta
342 2150 372 2205 in
392 2149 533 2227 porticula
553 2146 727 2207 Tusculani:
749 2168 784 2209 ea
804 2150 890 2208 vole·

199 2228 269 2292 bam
298 2226 409 2286 tabellis
437 2247 540 2288 ornare
564 2249 572 2286 :
606 2230 742 2301 etenim,
765 2230 791 2288 si
817 2228 890 2308 quid

200 2308 316 2448 {eneris
347 2306 502 2367 istiusmodi
529 2328 582 2368 me>
605 2308 749 2381 delesset,
777 2307 890 2388 pidura

223 2386 333 2448 elebat.
350 2386 408 2449 Sed
423 2405 543 2463 tamen,
563 2392 587 2448 si
603 2389 652 2449 isia
670 2388 738 2447 mihi
756 2386 821 2448 sunt
837 2389 888 2449 ha·

199 2469 324 2544 benda,
355 2472 508 2530 certiorem
532 2470 620 2530 velim
644 2490 693 2530 me
708 2467 818 2542 fatias,
837 2470 890 2531 ubi

201 2550 609 2692 ssb’qssssssd‘ssssss’
622 2569 887 2692 dissidiis}

199 2732 262 2773 uon
273 2713 419 2785 manebit,
433 2712 556 2792 aliquem
571 2652 885 2793 Psebdodamasippum

200 2794 250 2855 vel
268 2813 334 2851 cum
348 2789 451 2869 jadura
466 2793 652 2871 reperiemus.
669 2789 766 2869 Quod
781 2795 818 2851 ad
835 2812 889 2854 me

200 2873 238 2932 de
258 2874 348 2933 domo
368 2871 465 2932 scribis
479 2874 603 2944 iterum,
620 2869 678 2947 jam
696 2873 726 2932 id
745 2893 802 2955 ego
818 2894 889 2955 pro-

201 2950 328 3015 ficiscens
364 2952 536 3012 mandabam
573 2971 645 3012 meae
678 2950 816 3013 Tulliaer
848 2953 886 3015 eb

198 3034 278 3100 mim
296 3034 359 3116 ipsas
379 3033 640 3115 horb.acceperam
661 3049 726 3095 tuas,
749 3035 891 3099 inerma·
