2184 3975
229 478 704 576 An'FArarnrrn.L1n.V
743 495 819 607 189³

130 640 190 680 nos
206 618 362 704 perfidiam
374 666 383 694 ,
397 621 532 702 insidias,
551 623 747 702 proditionem
764 645 819 684 nov

132 702 216 769 rajbis,
235 700 364 760 Muitam
384 705 471 765 etiam
492 699 570 762 casus
589 702 676 763 nostri
693 706 745 763 tibi
760 726 818 764 va-

133 784 267 843 rietatem
279 783 313 850 in
329 779 482 843 scribendo
500 782 723 879 suppeditabunt
735 828 745 858 ‚
757 786 820 864 ple-

133 882 201 922 nam
220 860 371 942 cujusdam
386 864 565 944 voluptatis,
582 884 646 944 quae
662 864 825 926 vehemen··

105 1004 109 1013 ,
134 958 176 1004 ter
200 946 316 1003 animos
336 941 487 1014 hominum
507 947 537 1004 in
562 944 690 1028 legendo
714 944 820 1025 scripto

134 1026 259 1088 retinere
280 1026 386 1103 possit.
407 1020 486 1084 Nihil
505 1024 549 1086 est
572 1029 650 1085 enim
672 1028 765 1106 aptius
785 1024 823 1086 ad

135 1104 361 1166 delediationem
380 1104 516 1180 letioris,
537 1106 626 1188 quim
639 1117 821 1187 'temporum

134 1189 290 1248 varietates
300 1228 311 1260 ,
321 1183 501 1268 fortunaeque
511 1186 741 1260 vicissitudines3
753 1206 819 1270 quae

135 1268 188 1328 etsi
216 1267 307 1327 nobis
334 1267 478 1347 optabiles
501 1269 531 1328 in
559 1269 737 1349 experiendo
759 1289 821 1327 non

137 1346 275 1421 irretiant,
295 1347 475 1443 indagando
496 1366 592 1410 tamen
615 1365 698 1409 erunt
714 1346 822 1428 jucun·

138 1428 206 1488 dae:
233 1428 326 1488 habet
345 1448 423 1488 emm
443 1433 579 1508 praeteriti
596 1430 705 1488 doloris
725 1428 823 1500 secura

139 1509 304 1570 recordatio
338 1507 588 1575 delediationem:
617 1511 719 1570 ceteris
748 1510 822 1569 verb
925 1565 928 1572 ,

139 1590 215 1651 nulli
239 1587 398 1671 perfundis
418 1590 536 1672 proprii
559 1587 713 1662 molestii‚
745 1588 824 1649 casus

140 1690 238 1733 autem
258 1671 369 1740 alienos
390 1672 451 1731 sine
467 1671 531 1731 nilo
553 1671 656 1736 dolore
683 1672 825 1728 intuenti-

140 1752 189 1821 bus
204 1797 214 1827 ,
229 1753 323 1812 etiam
340 1749 403 1831 ipsa
422 1750 616 1812 misericordia
635 1749 676 1811 est
692 1747 826 1828 jucunda.

91 1838 93 1845 '
143 1830 245 1911 Quem
270 1834 350 1893 enim
374 1830 500 1893 nostriim
522 1832 570 1893 ille
593 1833 722 1904 moriens
748 1830 826 1912 apud

144 1912 326 1975 Mantineam
347 1910 565 1994 Epaminondas
586 1935 647 1979 non
669 1933 734 1974 cum
757 1933 826 1995 qua·
881 1971 885 1978 ,

145 1995 207 2054 dam
224 1993 409 2056 miseratione
430 1994 573 2061 delettat'?
590 1998 638 2076 qui
655 2012 717 2061 rum
737 1994 826 2055 deni-

147 2097 197 2157 que
229 2076 287 2136 sibi
314 2076 401 2136 avelli
428 2074 509 2151 jubet
534 2076 699 2155 spiculum,
726 2072 827 2154 postea

148 2157 229 2235 quim
257 2160 284 2217 ei
307 2154 501 2237 pertundunti
528 2156 636 2224 didam
659 2153 728 2228 est,
757 2156 828 2234 cly-

149 2245 233 2316 'peum
256 2233 314 2297 effe
334 2236 466 2309 salvum3
486 2255 539 2311 ut,
563 2239 650 2297 etiam
674 2238 704 2302 in
723 2237 830 2297 vulne·

151 2319 181 2375 ris
198 2317 329 2389 doiore,
351 2338 434 2404 aequo
455 2320 552 2378 animo
574 2338 641 2377 cum
658 2315 743 2377 laude
761 2338 831 2390 mo·

154 2416 267 2459 teretur.
292 2395 385 2475 Cuius
410 2395 534 2461 studium
559 2399 589 2457 in
616 2396 744 2479 legendo
769 2418 831 2464 non

156 2478 273 2538 tretium
296 2477 450 2538 Alcibiadis
469 2477 537 2561 fugi
557 2477 707 2556 redituque
726 2481 833 2542 retine·

159 2558 215 2619 tur?
236 2558 354 2620 Etenim
375 2558 449 2619 ordo
472 2558 532 2640 ipse
553 2559 697 2630 annalium
716 2558 833 2620 medio·

161 2641 233 2701 tritor
259 2661 314 2700 nos
344 2643 477 2711 retinet,
506 2641 587 2720 quasi
613 2643 833 2699 enumeratione

164 2716 306 2780 fastorum-2
323 2738 352 2780 at
369 2723 424 2782 viri
441 2720 517 2799 saepe
537 2720 704 2781 excellentis
723 2722 835 2800 ancipi-

166 2810 199 2857 tes
216 2803 346 2880 variique
364 2800 441 2861 casus
461 2801 569 2861 habent
589 2801 832 2872 admirationem,

168 2878 422 2959 etspedationem‚
449 2881 580 2941 laetitiam
604 2928 613 2955 ‚
642 2880 834 2951 molestiam,

170 2956 258 3036 spen,
281 2964 445 3023 timorem:
468 2965 492 3023 si
514 2963 588 3023 verb
614 2965 693 3022 exitu
713 2958 836 3031 notabili

171 3042 388 3120 concluduntur,
403 3043 536 3125 expietur
553 3045 664 3107 animus
682 3038 837 3123 jucundis-⁴
