2184 3975
228 457 295 525 Ao
310 463 630 531 anntnmrn.
647 463 697 536 X.
738 483 815 557 429

136 573 195 632 bete
209 573 357 653 provincii
367 575 422 653 fied
440 599 494 636 non
508 576 634 658 potuiffet
643 623 654 652 ,
673 582 744 640 bello
754 603 819 661 per·

130 653 287 742 secuturum
315 674 325 711 t
352 676 417 729 me,
448 659 645 730 uenenirem,
673 662 816 742 copiasque

136 752 344 814 conjungerem,
364 739 496 818 rogovi23
519 741 599 818 ebque
617 743 726 821 magis,
736 742 820 820 §quid

139 814 167 873 6·
189 816 333 874 Antonius
351 817 387 873 ab
408 820 530 896 equitatu
551 821 648 896 firmus
668 818 717 897 effe
740 824 818 879 dice·
864 860 867 864 -

137 894 220 954 batur
240 937 252 968 ,
285 894 313 953 fr
337 897 457 974 Lepidus
477 921 510 957 ne
535 902 691 958 mediocrem
713 902 819 978 quidem

138 977 289 1053 equitatum
311 973 436 1037 babebit.
463 981 539 1037 Nam
566 981 647 1038 etiam
667 999 702 1038 ex
719 981 824 1060 pauci·
921 1006 923 1010 ³

138 1072 197 1115 tate
211 1052 292 1132 ejus,
308 1077 361 1114 non
381 1058 472 1117 multis
489 1059 554 1117 onte*
573 1060 688 1130 diebus,
709 1061 820 1132 decem,

140 1137 188 1214 qui
223 1136 319 1216 optimi
342 1132 483 1210 filerunt,
511 1140 551 1195 ud
576 1161 616 1197 me
645 1140 823 1200 transierunt.

171 1215 252 1275 uibus
267 1214 356 1274 ‘rebus
385 1236 431 1296 ego
458 1219 572 1297 cognitis
603 1223 740 1278 cundatus
763 1241 819 1279 non

154 1316 199 1357 um
213 1315 225 1355 t:
245 1297 275 1354 in
294 1293 371 1373 cursu
394 1297 522 1357 bonorum
543 1299 716 1358 consiliorum
733 1302 821 1378 Lepi·

141 1378 207 1434 dum
234 1374 422 1450 adjuvandum
450 1376 558 1458 putavi.
581 1377 724 1438 Adventus
746 1400 821 1438 meus

142 1457 211 1534 quid
220 1456 387 1536 profedurus
404 1454 485 1534 effet,
505 1458 585 1517 vidi:
600 1458 647 1515 vel
663 1459 738 1536 qubd
752 1459 823 1538 equi-

143 1554 203 1595 tatu
222 1556 280 1596 meo
299 1535 422 1614 persequi
443 1554 524 1616 atque
544 1558 561 1596 o
579 1538 691 1616 primere
706 1540 821 1613 'equita-

144 1634 200 1675 tum
220 1613 280 1688 ejus
301 1613 399 1697 poffem
419 1638 433 1689 ;
455 1619 501 1677 vel
519 1558 592 1696 qubd
612 1617 745 1677 exercitiis
766 1620 827 1678 Le·

140 1698 204 1778 pidi
223 1698 421 1775 campartem,
446 1696 505 1776 qu'oe
522 1715 649 1777 corrupto
668 1700 722 1778 est,
740 1697 768 1756 δ’
785 1698 821 1756 ab
844 1752 850 1768 .›

141 1778 284 1858 »republica
306 1775 454 1851 alienata,
485 1778 513 1836 6·
533 1779 683 1858 corrigere,
705 1779 827 1838 &coir-

142 1879 203 1917 eere
219 1857 361 1936 prasentid
377 1859 429 1915 mei
446 1858 580 1917 exercitiis
596 1856 704 1937 poffem.
722 1858 821 1937 Itaque

140 1941 177 1998 ‘in
196 1937 303 2017 Isara,
320 1939 436 2017 flumine
458 1940 599 2012 maximo,
617 1940 691 2017 quod
709 1939 739 1997 in
752 1940 826 2018 fini·

146 2020 197 2079 bus
215 2022 251 2100 est
271 2020 449 2100 Allobrogum
460 2063 471 2089 ‚
482 2038 587 2099 ponte,
602 2040 656 2079 uno
673 2019 717 2077 die
727 2018 824 2096 sebio,

145 2102 294 2158 exercitum
318 2120 347 2159 a.
369 2101 398 2157 d.
425 2118 548 2176 quartum
573 2100 639 2156 Idus
661 2100 738 2157 Maii
763 2117 827 2157 tra·

143 2180 229 2239 duxi.
250 2183 342 2259 Quum
360 2178 422 2238 verb
439 2180 506 2237 milti
521 2180 673 2237 nuntiatum
695 2175 772 2255 effu,
789 2180 826 2239 L.

142 2262 305 2321 Antonium
321 2257 478 2339 premiffitm
494 2279 555 2317 curn
577 2258 711 2337 equitibus
730 2258 758 2317 fr
777 2279 827 2317 co·

147 2340 271 2400 hortibus
294 2342 335 2397 ad
353 2342 452 2399 Forum
475 2337 692 2416 Iulii-veniffe3
711 2337 826 2415 fratrem

144 2441 211 2480 vcurn
232 2420 349 2500 equitum
371 2430 489 2497 quotuor
502 2418 651 2490 millibus,
679 2434 709 2476 ut
728 2437 828 2477 occur-

150 2520 219 2561 reret
241 2502 288 2573 ei,
314 2502 377 2559 misi
399 2522 428 2558 a.
455 2501 484 2557 d.
508 2500 629 2576 quintum
649 2496 719 2555 Idus
741 2496 830 2558 Maii.

151 2583 213 2662 Ipse
230 2581 358 2640 maximis
374 2579 515 2638 itineribus
535 2598 596 2635 cum
616 2594 732 2655 quotuor
746 2577 831 2656 legio-

144 2662 234 2722 ·nibus
249 2661 408 2741 expeditis,
429 2659 457 2718 6»
476 2658 580 2736 reliquo
601 2658 723 2735 equitatu
742 2655 831 2734 subfe-

153 2764 231 2822 quar.
258 2743 291 2801 Si
313 2762 362 2799 nos
382 2738 524 2811 mediocris
543 2738 622 2795 modb
640 2732 756 2813 fhrtunu
773 2737 829 2793 tei-

91 2815 94 2862 ¹
145 2823 269 2903 publicu
286 2817 444 2896 adjuverit,
463 2818 491 2877 fr
510 2818 633 2875 audacio
647 2816 832 2895 perditorum,

155 2903 183 2963 6·
198 2902 289 2983 nostroe
300 2899 498 2978 sollicitudinis
512 2896 557 2955 liic
565 2898 649 2974 finem
663 2895 834 2975 reperiemus.

156 2982 241 3065 Quid
259 2983 286 3041 si
305 2981 376 3042 latro
386 3023 398 3053 ,
410 2979 574 3061 procognito
592 2976 676 3057 nostro
694 2976 834 3055 adventu,
