2184 3975
301 479 371 548 An
385 479 609 550 anmnn.
623 482 713 552 Lm.
728 483 769 550 V.
805 496 879 551 201

200 613 236 661 ne
249 594 321 733 ¹naid
338 595 393 667 iis,
410 615 485 675 quos
500 591 615 668 amasti,
630 596 697 655 mali
711 614 795 677 putes
809 617 883 657 con·

201 679 247 757 rigi
270 695 287 735 e
309 697 320 748 3
346 674 523 755 permultum
549 677 603 734 erit
627 695 664 735 ex
682 697 807 738 moerore
828 695 880 739 tuo

200 757 398 818 deminutum:
412 755 590 836 relinquetur
606 758 684 815 enim
697 758 818 836 simplex
831 759 881 817 issa

198 834 254 916 jam
275 857 347 894 cura
367 835 476 895 doloris
497 838 560 910 tui,
577 855 644 974 ἕπε
663 852 723 897 non
743 836 879 898 cumillis

200 915 477 990 communicabitur,
493 915 543 976 sed
559 938 576 974 a
612 931 642 976 te
658 915 751 996 ipsum
764 920 880 997 proprie

199 997 359 1074 referetur:
383 998 412 1055 in
433 1019 489 1077 qua
508 1017 568 1055 non
588 993 629 1056 est
652 996 713 1076 jam
735 999 882 1080 gravitatis

200 1099 229 1138 ac
244 1077 395 1158 sapienciae
409 1092 489 1151 tuae,
515 1098 601 1157 quam
617 1094 648 1136 tu
664 1101 681 1138 a
700 1099 791 1156 puero
807 1100 882 1157 prae-
968 1128 973 1133 ,

200 1156 310 1231 stitisti,
329 1156 406 1218 ferre
423 1157 638 1218 immoderatius
655 1157 747 1218 casum
765 1161 883 1219 incom-

202 1239 358 1304 modorum
388 1255 527 1311 tuorum,
549 1242 598 1319 qui
627 1239 664 1298 sit
689 1239 727 1298 ab
750 1261 882 1316 eorum,

187 1341 272 1400 ,quos
293 1319 450 1392 dilexeris,
474 1318 585 1378 miseria
608 1321 743 1401 maloque
770 1319 883 1398 sejunc-

200 1416 253 1460 tus.
270 1399 390 1460 Etenim
407 1411 475 1460 eu'm
494 1399 606 1480 semper
624 1418 652 1460 te
673 1403 704 1460 &
719 1403 836 1480 privatis
853 1402 883 1462 in

201 1481 287 1542 rebus
307 1481 342 1540 &
364 1481 486 1562 publicis
512 1478 681 1560 praessitisti‚
708 1481 813 1540 tuenda
832 1483 885 1541 tibi

204 1580 233 1622 ut
248 1565 287 1622 sit
303 1563 449 1643 gravitas,
467 1561 499 1620 ὅ(
513 1559 678 1620 constantiae
693 1559 885 1621 serviendum.

203 1641 281 1702 Nam
301 1642 382 1722 quod
404 1642 523 1702 allatura
545 1639 586 1702 est
609 1640 668 1720 ipsa
688 1641 886 1715 diuturnitas,

203 1743 266 1804 quae
294 1725 439 1783 maximos
461 1721 551 1782 lucius
577 1719 715 1782 vetustate
734 1721 835 1795 tollit,
853 1722 885 1780 id

205 1825 256 1865 nos
277 1806 439 1884 praecipere
458 1803 580 1864 consilio
598 1802 814 1883 'prudentiaque
831 1801 885 1861 de-

204 1882 317 1946 bemus.
339 1882 462 1945 Etenim
476 1885 500 1943 si
524 1883 602 1942 nulla
621 1903 758 1962 umquam
775 1882 829 1942 fuit
848 1882 885 1941 li-

207 1964 279 2029 beris
301 1967 412 2026 amissi-s
436 1981 497 2025 tam
516 1964 667 2025 imbecillo
691 1964 796 2025 mulier·
819 1967 885 2024 ani-

208 2068 278 2119 mo,
296 2068 365 2129 quae
382 2067 442 2108 non
460 2046 613 2127 aliquando
631 2045 747 2127 lugendi
764 2045 885 2105 modum

208 2126 330 2188 fecerit:
357 2128 529 2201 terrenos,
552 2125 633 2206 quod
661 2126 701 2188 est
730 2127 791 2187 dies
815 2126 885 2186 alla·

209 2226 268 2269 tura
291 2254 301 2282 ,
332 2209 361 2265 id
391 2210 512 2269 consilio
541 2206 687 2268 anteferre
714 2208 853 2268 debemus
876 2227 886 2281 3

210 2309 302 2370 neque
329 2286 490 2369 exspeciare
512 2290 651 2369 temporis
679 2289 885 2363 medicinam,

212 2390 296 2451 quam
314 2370 516 2448 re'praesentare
533 2372 643 2429 ratione
681 2372 811 2429 ossimus.
831 2368 885 2430 His
932 2369 938 2381 '

214 2470 265 2532 ego
284 2451 386 2510 litteris
404 2454 429 2510 si
443 2450 512 2532 quid
527 2392 725 2529 profeciss{m‚
747 2448 887 2510 existima.-

214 2531 277 2589 bam
296 2530 459 2610 optandum
479 2531 617 2612 quiddam
637 2551 684 2590 me
706 2528 761 2591 effe
781 2528 889 2590 assecu-

218 2629 272 2671 tum
292 2631 299 2669 ε
323 2614 366 2671 sin
390 2613 486 2671 minus
506 2610 581 2670 forte
601 2608 771 2685 valuiffent,
791 2610 888 2672 officio

219 2707 312 2751 tamen
344 2690 404 2751 effe·
434 2690 596 2753 functurum
626 2693 907 2753 benevolentissimi

222 2788 300 2853 atque
319 2775 505 2846 amicissimi3
526 2794 614 2853 quem
630 2795 677 2834 me
695 2775 747 2833 tibi
766 2774 797 2833 &
811 2769 890 2831 fuisse

223 2850 326 2931 semper
342 2850 483 2915 existimes
499 2856 589 2917 velim
604 2899 614 2930 ,
644 2857 676 2917 &
695 2854 824 2915 fututum
835 2849 892 2912 effe

156 3015 158 3028 Ι
225 2931 358 2997 confidas.
376 2932 462 2997 Vale.

731 3075 881 3157 ἶν’
