2184 3975
217 497 290 568 An
303 498 666 570 Faunumlru.
679 499 743 572 III.
778 498 835 596 87

143 605 258 697 legatus
281 630 346 674 tuus
369 657 380 688 ‚
410 614 480 674 mihi
500 614 606 696 praesto
625 614 679 678 fuit
696 650 712 691 ,·
735 637 834 699 eaque

143 715 190 757 me
212 714 251 755 ex
269 696 327 754 tuis
346 695 486 755 mandatis
504 702 649 771 monuit,
679 718 743 778 quae
765 718 832 759 non

143 775 240 837 modo
261 774 334 834 mihi
352 820 365 848 ,
388 777 426 835 ad
445 796 536 857 quem
554 776 758 859 pertinebant,
775 778 830 840 sed

142 854 285 918 universo·
311 853 420 917 senatui
443 877 585 928 venerant
606 862 642 919 in
668 878 796 920 mentem
810 880 831 936 *,

143 938 280 1020 p'raesidio
303 934 422 998 firmiori
439 938 588 1019 opus‘effe
608 940 644 999 ad
664 937 745 998 istam
762 961 829 1021 pro-

144 1021 289 1080 vinciamt
309 1015 463 1078 censebant
481 1021 681 1082 enimomnes
700 1019 782 1094 fere,
797 1039 833 1084 ut

144 1101 170 1160 in
195 1098 320 1160 ltalias
356 1099 537 1179 plementum
566 1104 639 1162 meis
671 1101 703 1160 δε
732 1097 832 1163 Bibuli

145 1179 308 1264 legionibus
340 1180 509 1242 emeretur,
522 1181 558 1242 ld
577 1200 668 1266 quum
684 1181 830 1261 Sulpicius

145 1260 241 1322 conlirl
265 1257 412 1342 palliarum
436 1259 464 1322 se
487 1282 629 1346 negaret,
659 1263 750 1323 multa
772 1285 834 1327 nos-

180 1342 263 1404 ‘dem
292 1339 384 1422 questi
409 1339 537 1417 sumus;
566 1343 616 1413 sed
635 1361 730 1404 tamus
750 1364 828 1405 con-

169 1424 237 1485 nsus
256 1421 373 1483 senariis
392 1421 467 1497 fuit,
485 1443 517 1485 ut
533 1426 648 1492 mature,
662 1423 832 1506 proficisce·-

146 1525 264 1578 remur,
286 1502 449 1584 parendum·
464 1521 496 1564 ut
510 1503 619 1579 fuerit3
636 1508 738 1587 ira'tque.
748 1504 832 1565 feci·

146 1607 215 1648 nus.
239 1583 355 1657 Nunc,
375 1586 455 1667 quod
475 1602 539 1647 ate
562 1587 634 1668 petii
654 1586 754 1647 litteris
772 1588 831 1661 iit,

147 1687 211 1749 quas
236 1665 345 1727 Romae
364 1666 520 1726 tabellariis
537 1669 593 1727 tuis
616 1667 708 1740 dedi,
733 1666 829 1726 velim·

147 1750 192 1808 tibi
213 1768 295 1807 curae·
312 1748 373 1820 sit,
390 1761 421 1805 ut
439 1767 504 1827 quae
522 1745 669 1808 successori
690 1744 836 1825 conjunc-

95 1876 97 1881 .
147 1831 253 1889 tissimo
275 1828 309 1887 ὃ(
334 1829 506 1888 amicissimo
528 1827 715 1888 commodare
732 1825 828 1907 potest

146 1912 183 1986 is,
207 1909 460 1993 qui‘provinciam
475 1908 581 1982 tradit,
599 1929 634 1969 ea
658 1929 712 1989 pro
730 1906 827 1969 nostra

147 1990 387 2053 consociatissima
410 1990 589 2064 voluntate,
613 1990 681 2050 curi
703 2010 736 2048 ac
755 1990 826 2050 dili·

161 2073 240 2134 entid
260 2071 314 2131 tud
334 2070 524 2152 compledlare
538 2091 551 2146 ·,
567 2090 598 2133 ut
616 2090 719 2131 omnes
738 2072 830 2131 intel·
923 2146 926 2152 Ι

144 2093 259 2238 igant,
291 2171 346 2212 nec
368 2172 418 2212 me
436 2153 668 2213 benevolentiori
690 2152 830 2232 cuiquam·

144 2234 321 2307 succedere,
341 2250 396 2291 nec
416 2250 445 2293 te
467 2237 597 2295 amiciori
620 2228 739 2315 potuille
752 2254 826 2313 pro·

143 2319 272 2379 meram
297 2313 422 2373 tradere.
436 2312 487 2373 Ex·
503 2317 536 2373 iis
560 2316 681 2387 litteris,
704 2333 830 2395 quarunt

144 2399 175 2459 td
197 2417 249 2457 me
269 2394 444 2534 aemilium
459 2394 578 2469 misisti,
593 2416 662 2476 quas
679 2397 709 2453 in
726 2393 824 2458 senatu

142 2480 255 2541 recitari
267 2476 349 2536 volu'
376 2477 381 2488 '
396 2520 411 2549 ,
422 2478 462 2534 sic
476 2478 675 2536 intellexeram
714 2476 826 2536 ermul-

96 2551 98 2564 '
143 2574 186 2621 tus
214 2581 233 2619 a
256 2576 288 2617 te
307 2556 412 2615 milites
430 2554 492 2617 effe>
505 2555 632 2616 dimillos
651 2576 659 2613 t
686 2496 735 2615 bd
753 2557 831 2616 mibi'

142 2638 246 2701 Fabius
271 2636 351 2697 idem
378 2636 610 2712 demonstravit,
633 2636 669 2697 id·
684 2654 714 2696 te
740 2639 828 2720 cogi·-

142 2720 206 2782 tasse
229 2720 349 2790 facere;
369 2716 439 2791 sed,
458 2739 545 2797 quum
566 2719 631 2799 ipse⁴
647 2740 664 2777 a
684 2718 826 2777 redisce·

143 2803 247 2875 deret,
263 2802 326 2858 inre
348 2819 410 2858 rum
430 2802 552 2860 militum
568 2820 718 2860 numerum
736 2795 836 2857 fuiffea

141 2881 170 2943 ld
192 2887 218 2943 si
242 2887 287 2942 ita-
304 2819 367 2951 esi,
389 2899 553 2960 pergratum
576 2881 646 2940 mihi
663 2879 784 2948 feceris,
800 2877 831 2937 si:

141 2962 199 3023 istas
218 2965 342 3043 exiguas
360 2962 478 3040 copias,
495 2983 566 3042 quas
582 2959 721 3027 habuisti,
738 2956 832 3037 quim·

141 3044 262 3110 nimime
287 3043 486 3108 imminuens:
507 3064 564 3125 qua
585 3043 622 3104 de
642 3036 832 3101 re-senatua·
