2184 3975
277 477 335 523 εν
368 463 681 529 contionum.
765 486 820 552 503

150 604 154 615 .
174 575 247 627 457,
263 561 289 613 6.
304 565 337 612 Α.
350 564 374 612 d.
388 579 447 615 κη.
459 566 584 616 Manutius
594 568 722 634 legendum
738 575 822 625 censet

137 652 162 684 n.
178 636 201 684 d.
221 649 286 686 xri.
304 648 331 685 ut
344 637 456 701 postridie
471 640 540 704 quim
558 638 621 705 gella
636 657 675 691 tes
690 644 739 704 eli,
751 646 824 713 scrip·

137 708 194 757 [etit
210 706 297 759 Galba.
314 709 375 758 Nam
389 710 410 759 si
420 711 548 776 quatriduo
559 712 610 776 poli
626 716 735 778 proelium
746 719 821 786 scrip·

137 779 218 839 sisset,
231 781 329 831 omnino
343 782 432 847 aliquid
449 783 479 833 de
498 782 578 834 Pansae
588 787 741 846 vulneribus,
758 790 823 855 ipso.

136 870 185 918 que
197 854 329 904 Bononiam
344 855 427 905 delato
440 856 606 924 cognoviffet.
617 858 642 908 δι
659 858 777 911 Ciceroni
790 865 825 914 ti·

136 924 277 994 gnificaslet.

174 1000 226 1060 458
238 1034 245 1058 ,
256 1014 283 1061 4.
297 998 499 1071 Quiantrobiqut·
508 1001 617 1055 Omnino
625 1004 681 1072 lege
690 1020 745 1055 cum
756 1005 825 1059 frid.

136 1066 286 1135 Gronovio,
303 1074 342 1139 qni
355 1074 486 1141 utrobique.

173 1159 245 1209 459,
262 1161 303 1211 ¹³·
316 1145 424 1217 Quantas
436 1148 553 1213 dabntritn
564 1149 735 1200 contentiones.
749 1149 824 1215 Quo·

135 1216 201 1275 ties,
221 1218 247 1268 &
264 1223 334 1284 quim
351 1220 509 1270 vehementer
528 1224 698 1272 contenderint
716 1223 824 1289 Lepidus

137 1289 165 1340 &
182 1292 311 1342 Antonius.
327 1293 363 1340 lta
377 1292 441 1340 redii
456 1294 590 1343 Manutius.
608 1295 657 1343 Alii
668 1296 802 1345 conciones.

175 1363 237 1412 lbid.
255 1380 298 1413 20.
320 1363 448 1413 Vindicate
458 1365 482 1413 in
491 1365 632 1415 libertatem.
644 1367 680 1417 lta
701 1368 825 1421 Graevius·

136 1433 186 1485 Alii
200 1436 224 1484 in
241 1434 360 1484 libertate.
402 1466 405 1471 ·
443 1462 446 1467 ·
579 1466 581 1471 ·

174 1508 224 1568 461
235 1540 242 1565 ,
254 1509 280 1557 6.
293 1498 444 1570 Praetexiqnt.
450 1506 542 1560 'Genus
557 1510 662 1567 fabulae,
673 1510 742 1574 cujus
751 1529 824 1580 argu·

136 1593 245 1630 mentum
260 1581 408 1639 Romanurn,
421 1582 513 1632 adores
527 1585 661 1633 autemviti
671 1586 822 1650 pretextati,

136 1652 164 1702 h.
179 1669 202 1703 e.
216 1653 361 1720 magistratus
373 1652 483 1709 Romani.

175 1726 236 1776 ibid.
252 1740 292 1789 ις.
309 1721 435 1776 Ananim·
446 1720 497 1793 lese
507 1725 613 1776 nolebat.
632 1727 657 1775 h.
669 1744 693 1776 e.
711 1727 824 1778 addicere
921 1770 924 1776 .

138 1796 163 1848 se
181 1798 220 1848 sui
239 1799 322 1864 sponte
341 1801 370 1847 ad
388 1800 508 1866 gladium,
524 1800 549 1848 dt
569 1799 603 1848 sic
621 1797 674 1848 fieri
689 1801 771 1850 audior
791 1802 822 1850 li-

137 1870 239 1921 bertatis
254 1872 400 1921 amittendae.
419 1873 454 1920 lta
470 1874 549 1921 locum
567 1873 704 1921 emendavit
716 1873 750 1922 H.
770 1874 825 1922 Ste-

138 1944 241 2009 phanus.
257 1943 321 1994 Hinc
335 1945 541 2001 eudortmenttun,
558 1961 653 1995 merces
668 1945 706 1995 leu
720 1947 824 2010 pretium

138 2017 262 2066 suffurati.
279 2016 362 2083 Vulgo
373 2018 507 2074 mendose,
523 2019 614 2067 auiiore
625 2015 652 2083 se
663 2018 766 2066 nolebat.

175 2092 246 2149 462,
263 2105 316 2149 20,
334 2089 363 2139 Si
378 2091 440 2155 quod
450 2089 550 2153 jussislis
556 2088 615 2153 feci.
637 2088 743 2154 conjicit
754 2089 822 2140 Ftid.
878 2099 892 2121 ²

140 2160 221 2212 Gron.
236 2162 313 2217 sicat,
333 2163 394 2227 quod
409 2179 455 2209 non
468 2161 588 2224 jussistis,
602 2160 654 2227 feci
663 2194 671 2220 ‚
686 2179 772 2228 nempe
791 2179 823 2213 eo

137 2234 218 2284 animo
237 2250 294 2300 erga
308 2235 488 2298 rempublicam.

175 2306 226 2369 463
244 2340 251 2365 ,
272 2322 314 2357 11.
334 2305 472 2355 Tamtnetsi.
487 2304 534 2354 Pto
547 2308 646 2373 vulgato
663 2306 765 2357 tametsi.
785 2307 822 2357 lta

139 2380 275 2429 codices&
286 2391 384 2429 veteres
397 2378 456 2427 editi
471 2394 525 2427 cum
544 2379 659 2437 Muteto,
680 2396 750 2444 quem
765 2380 823 2431 vide

138 2453 201 2505 Vat-
218 2451 285 2502 Led.
305 2466 355 2509 ιι,
374 2466 415 2514 17.

178 2525 238 2573 ibid.
259 2540 302 2573 20.
322 2524 355 2573 Et
371 2520 477 2572 veterani
495 2521 583 2570 milites
600 2518 695 2587 casaris
709 2523 823 2589 partium·

139 2597 178 2648 ltn
194 2598 241 2644 duo
257 2596 324 2663 regii.
337 2595 437 2662 Vulgati
453 2595 568 2643 omittunt
585 2611 670 2643 vocem
681 2595 776 2644 militet.

178 2670 250 2727 464,
270 2682 294 2731 3.
307 2666 434 2731 Pulpnrer.
450 2667 521 2733 Regii
535 2666 649 2723 codices,
669 2679 695 2714 ut
710 2667 734 2716 &
747 2666 824 2719 ceteri

140 2740 229 2792 vitiosi
244 2742 333 2790 habent
340 2741 468 2808 palmam.
480 2739 623 2788 Emendavit
632 2737 763 2807 Villotiun

178 2813 249 2873 465,
266 2828 291 2861 2.
306 2812 342 2862 Et
354 2810 480 2879 fecundam
494 2811 618 2880 legionem.
636 2812 670 2859 lta
683 2809 748 2859 reue
767 2808 825 2860 Mn·

143 2887 224 2939 nutius
244 2885 380 2934 emendavit
389 2886 510 2951 vulgatum
523 2918 529 2942 ,
541 2884 565 2933 ὃν
581 2898 685 2950 quartam
700 2881 824 2949 legionem·

144 2958 256 3012 Secunde
273 2958 338 3028 legio
349 2973 403 3011 cum
412 2957 521 3010 Antonio
538 2957 602 3010 fuit:
613 2959 696 3026 qtlatta
711 2952 771 3009 veto
783 2954 830 3008 du·
