2184 3975
200 465 303 540 218·
349 467 748 539 Eri-stomun..

197 603 294 643 terum
315 581 348 642 &
370 579 548 660 publicarum
572 579 608 642 ὃς
623 577 736 649 suatum
752 599 765 654 ·,
783 598 883 645 tamen

199 665 277 725 oculi
294 661 565 744 augemdolorem,
581 662 631 741 qui
646 675 699 736 ea,
713 684 780 744 quae
795 665 883 723 ceteri

199 745 335 817 audiunt,
353 745 455 802 intueti
472 759 631 824 coguntur,
647 763 701 802 nec
719 762 882 805 averterea

198 825 316 885 miseriis
336 825 542 905 cogitationem
566 824 672 884 sinunt.
694 822 800 902 Quare
828 827 882 884 etsi

199 907 354 966 muitarum
372 925 466 964 rerum
485 901 629 977 desiderio
642 921 671 964 te
689 907 757 985 angi
769 902 881 973 neceffe

198 985 258 1060 est,
277 1005 372 1055 tamen
392 984 442 1047 illo
465 983 595 1056 dolore,
620 1003 679 1062 quo
699 986 828 1044 maxime
851 1002 881 1045 te

200 1065 303 1127 confici
320 1063 423 1136 audio,
442 1063 522 1143 qubd
538 1062 641 1122 Romae
660 1086 720 1130 non
742 1066 801 1138 sis,
819 1067 881 1124 ani·

198 1167 277 1206 mum
297 1164 379 1212 tuum
398 1142 497 1213 libera.
515 1142 576 1203 Etsi
592 1147 670 1205 enim
687 1165 755 1205 cum
774 1165 880 1225 magna

200 1223 328 1286 molestia
341 1222 406 1284 tuo's
420 1242 524 1306 tuaque
537 1223 704 1299 desideras,
724 1242 822 1285 tamen
832 1226 880 1287 illa

198 1307 340 1387 quidem,
358 1324 422 1385 quae
440 1307 559 1385 requiris
577 1303 687 1378 ,suum
705 1303 809 1373 stamtn
831 1323 879 1367 te·

198 1405 289 1462 nent,
307 1405 361 1446 nec
385 1387 511 1458 meliiis,
537 1387 562 1445 si
585 1401 617 1444 tu
640 1384 770 1458 adeffes,
793 1402 879 1447 tene·

200 1485 288 1541 rent,
305 1487 359 1526 nec
373 1465 436 1526 sunt
457 1467 518 1526 ullo
541 1465 573 1524 in
595 1468 718 1546 proptio.
737 1467 877 1545 periculo.

201 1548 264 1609 Nec
284 1548 372 1608 debes
392 1565 444 1620 tu,
465 1567 554 1629 quum
567 1545 603 1605 de
621 1548 676 1606 tuis
693 1550 820 1630 cogitas,
831 1563 877 1608 aut

200 1632 378 1711 praecipuam⁸
394 1629 519 1708 aliquam
541 1625 688 1686 fortunam
708 1625 875 1708 postulare-3

201 1729 249 1771 aut
275 1714 460 1770 communem
483 1706 622 1767 recusare.
644 1706 693 1768 De
724 1726 753 1768 te
781 1725 876 1769 autem

200 1790 281 1872 ipso,
302 1788 471 1868 Torquate,
489 1785 529 1849 est
540 1804 621 1847 tuum
638 1789 678 1848 sic
698 1791 807 1869 agitare
818 1791 876 1848 ani-

201 1892 272 1943 mo,
291 1884 323 1929 ut
336 1889 399 1928 non
418 1868 552 1929 adhibeas
573 1871 603 1928 in
620 1868 773 1935 consilium
792 1872 877 1953 cogi-

199 1951 340 2021 tationum
364 1966 476 2010 tuarum
499 1947 753 2031 desperationem,
769 1967 817 2012 aut
836 1952 877 2012 ti·

201 2044 326 2098 morem.
351 2027 415 2100 Nec¹
435 2031 513 2090 enim
531 2032 582 2103 is,
604 2034 653 2111 qui
676 2033 706 2090 in
732 2049 762 2091 te
785 2031 876 2094 adhue

202 2110 344 2188 injustior,
365 2110 453 2192 quim
472 2128 522 2171 tua
541 2110 663 2193 dignitas
688 2110 877 2192 posttdabat,

198 2192 273 2266 fuit,
293 2214 356 2253 non
374 2213 404 2250 m
443 2194 579 2271 nasigna
598 2192 679 2253 dedit
697 2195 789 2252 animi
808 2213 876 2333 erpa

200 2287 230 2332 te
252 2275 384 2355 mitigati.
429 2292 462 2332 ec
477 2287 575 2331 tamen
595 2275 619 2332 is
631 2274 743 2352 ipse,a
760 2293 821 2353 φο
844 2297 877 2333 a·

201 2354 244 2410 lus
262 2357 386 2432 petitur,
399 2352 486 2411 habet
497 2353 669 2431 explicatam
685 2371 733 2412 aut
742 2355 876 2432 explora-

201 2451 260 2493 tam
274 2436 415 2499 rationem
432 2432 526 2500 salutis
547 2432 610 2493 suae.
628 2431 790 2513 Quumque
806 2456 876 2501 om·

199 2517 279 2573 nium
298 2515 439 2576 bellorum
454 2516 546 2576 exitas
567 2516 673 2573 incerti·
688 2517 762 2583 sint,
781 2515 817 2580 ab
829 2516 875 2576 al-

200 2611 262 2655 tera
285 2594 403 2663 vidiotia
422 2595 479 2656 tihi·
497 2595 659 2674 periculum·
680 2595 791 2654 nullum
818 2594 876 2660 effe

201 2675 366 2756 perspicio,
386 2675 464 2755 quod
479 2676 595 2753 quidem
614 2673 770 2752 sejunstum
786 2677 821 2736 sit
832 2676 875 2749 ,ab

200 2759 331 2819 omnium
349 2757 462 2816 interi-tu
474 2774 483 2824 ;
497 2754 532 2812 ab
544 2756 632 2816 altera
644 2774 672 2815 te
688 2755 779 2835 ipsum
789 2778 876 2817 num·

198 2856 286 2917 quam
309 2834 428 2895 timuiss'e
446 2836 525 2894 certi)
542 2834 609 2897 scio.
636 2834 794 2915 Reliquum
810 2836 876 2913 est,

199 2936 232 2977 ut
250 2936 278 2978 te
297 2915 327 2976 id
342 2914 454 2996 ipsum,
473 2917 553 2995 quod
571 2938 627 2997 ego
644 2921 726 2996 quasi
743 2916 877 2978 consola·

197 2999 284 3060 tionis
295 2997 362 3066 loco
373 3017 473 3079 pono,
487 3000 785 3074 maxim&‚excrutiet-¹
796 3020 878 3074 coms
893 3016 900 3037 ·
