2184 3975
280 475 358 573 '308
429 473 808 543 EvrsrozAthr
993 487 1004 557 1

280 589 413 651 Atticum
435 585 590 648 nostrum:
609 584 687 664 cujus
704 607 797 666 quum
816 585 947 666 proprium

277 687 308 737 re
334 667 390 729 elle
412 667 508 728 scribis
526 668 672 749 mancipio
694 667 726 726 &
746 686 849 737 nexu3
867 686 949 737 meum
995 663 997 679 '

280 769 379 810 autem
389 748 440 808 usu
454 749 485 807 &
502 747 617 822 fru6lu'3
636 763 790 806 contentus
810 744 862 806 isto
880 746 949 806 sumt
1000 769 1002 773 ’

280 831 312 890 id
329 832 408 890 enim
423 826 463 888 est
478 827 614 909 cujusque
632 829 804 908 proprium,
820 847 880 906 quo
893 823 952 906 quil·

283 929 341 990 que
366 907 486 983 fruitur,
505 926 591 988 atque
613 911 712 968 uritur.
737 905 798 967 Sed
819 907 883 966 haec
901 905 953 965 aliis

306 990 425 1048 luribus.
449 988 558 1048 Acilius
580 1031 590 1060 ‚
619 990 669 1069 qui
688 989 718 1046 in
738 985 889 1046 Graeciam
903 1007 956 1047 tum

284 1011 448 1150 regionibus
466 1065 560 1127 miffus
581 1064 649 1140 est,
670 1069 801 1127 maximo
825 1088 895 1127 meo
911 1067 957 1127 be·

285 1147 390 1227 reficio
417 1144 476 1208 est:
502 1148 546 1206 bis
577 1149 656 1206 enim
685 1144 765 1206 esta
787 1167 836 1208 me
864 1145 958 1226 juditio

284 1229 407 1308 capitis,
433 1227 516 1287 rebus
542 1226 652 1302 salvis,
680 1227 817 1287 defensus
839 1246 849 1299 ;
878 1227 910 1286 &
928 1224 960 1288 est

285 1302 455 1368 homo'non
476 1307 623 1391 ingratus,
648 1327 767 1386 meque.
780 1307 960 1368 vehementer

288 1387 431 1448 Observat.
458 1387 507 1447 Ad
535 1408 604 1447 eum
632 1386 669 1446 de
693 1404 723 1448 te
753 1387 961 1469 diligentissimi
1002 1383 1003 1403 ¹

287 1466 405 1548 scripti,
423 1488 544 1548 eamque
566 1465 716 1548 epistolam
735 1488 804 1528 cum
820 1468 876 1527 hac
900 1488 962 1528 con·

288 1544 385 1628 junxi:
403 1569 488 1628 quam
506 1549 553 1608 ille
569 1570 627 1629 quo
647 1546 737 1608 modo
755 1550 919 1630 acceperit,
935 1548 962 1607 &

288 1629 359 1770 guid
373 1628 431 1768 ilbi
445 1629 588 1709 pollicitus
607 1631 662 1703 sit,
681 1629 775 1692 velim
791 1630 831 1689 ad
846 1650 894 1692 rne
908 1627 965 1689 scri·

309 1729 350 1769 as.
404 1728 461 1770 ae.

399 1835 562 1899 Cremo
592 1836 731 1933 Cunrrt
763 1837 793 1899 S.
822 1838 870 1903 D.

287 1967 418 2022 ῙΝΥΠΛΤ
442 1973 474 2019 ad
495 1988 575 2021 mutua
599 1969 703 2038 officia,
727 1972 771 2031 δ”,
794 1988 821 2022 ut
847 1973 873 2025 ἰπ
896 1973 965 2025 urbe·

324 2058 480 2101 mercatur,
509 2044 593 2093 veteris
609 2044 750 2095 urbanitatis
768 2048 861 2097 tuenda
881 2049 965 2109 causti,

324 2132 401 2185 rogat.
420 2119 492 2167 Anno
511 2116 544 2168 U.
564 2120 591 2169 C.
611 2134 670 2183 709.

290 2274 380 2346 31.st
409 2280 528 2323 Actu
555 2264 689 2347 perspexi
713 2286 750 2327 ex
780 2268 838 2328 tuis
872 2267 968 2329 litteris

289 2351 303 2417 (
326 2342 405 2424 quod
426 2341 485 2405 sem
507 2364 539 2405 er
564 2345 682 2427 studui)
700 2347 732 2406 &
748 2365 880 2409 meare
904 2348 970 2429 plu·

288 2425 354 2482 rimi
374 2421 460 2499 fieri,
485 2367 520 2485 g(
539 2444 569 2487 te
596 2428 754 2509 intelligere
786 2428 876 2509 quim
903 2429 969 2488 mihi

290 2525 372 2563 carus
389 2504 468 2566 elles.
486 2504 581 2583 Quod
598 2528 687 2587 quum
706 2527 826 2587 uterque
845 2506 970 2569 nosttirm

290 2584 459 2646 consecutus
486 2586 545 2660 est,
574 2590 715 2668 reliquum
740 2587 782 2647 est
807 2606 840 2649 ut
868 2587 967 2649 officiis

292 2681 435 2727 certemus
452 2669 527 2726 inter
544 2689 598 2726 nos
613 2687 622 2741 ;
650 2668 751 2746 quibus
773 2690 858 2749 aequo
874 2672 969 2729 animo

290 2745 339 2805 vel
357 2750 471 2807 vincam
492 2765 543 2818 te,
565 2747 614 2807 vel
633 2749 732 2807 vincar
747 2749 797 2807 abs
812 2767 853 2809 te.
876 2749 969 2810 Acilio

291 2846 352 2885 non
372 2825 451 2885 fuiffe
476 2824 586 2885 necesse
608 2846 686 2885 meas
711 2827 772 2888 dari
799 2829 907 2890 litteras
927 2828 970 2889 fa-

290 2906 345 2966 cili
365 2907 468 2985 patior.
495 2904 612 2985 Sulpicii
631 2903 682 2964 tibi
701 2929 822 2987 operam
843 2910 969 2991 intelligo

291 2996 328 3046 'ex
344 2989 399 3051 tuis
411 2985 534 3065 litteris,
551 3006 612 3051 non
632 2987 755 3052 multum
773 3011 850 3072 opus
866 2987 968 3065 suile,
