2184 3975
231 506 303 574 Ar>
324 506 578 574 Frurrrrnrs
597 505 682 574 Lm.
700 507 730 576 J.
765 527 787 577 2
791 512 817 600 5

135 617 230 682 esses:
261 638 437 700 quamquam
462 620 512 682 rua
539 619 657 700 quidem
680 622 766 682 causa
787 641 817 684 te

136 700 189 762 effe
209 702 452 780 imperatorem,
478 703 715 783 provinciamque
742 703 818 764 bene

138 779 221 862 gestis
248 780 335 841 rebus
356 800 426 841 curn
452 783 581 840 exercitu
606 781 714 842 vidore
737 782 820 843 obti-

136 882 205 922 nere
220 905 231 935 ,
246 879 278 922 ut
295 859 410 934 debeo,
428 860 528 920 laetor:
545 858 595 921 sed
609 862 687 921 certe
702 864 751 942 qui
765 863 820 924 tibi

135 962 172 1004 ex
193 961 245 1002 me
264 938 372 1000 fridus
393 939 558 1013 debentur,
581 959 633 1002 eos
652 941 821 1018 uberiores,

139 1023 171 1082 δι
185 1019 398 1103 praestantiores
414 1020 537 1101 praesens
553 1041 659 1103 capere
675 1020 824 1103 potuiffes.

138 1100 171 1163 la
188 1104 234 1165 eis
248 1102 323 1188 verb
341 1099 539 1176 ulciscendis,
551 1123 624 1184 quos
645 1103 699 1165 tibi
716 1105 824 1185 partim

140 1185 273 1244 inimicos
292 1179 350 1242 effe
367 1183 502 1266 intelligis
520 1201 639 1264 propter
656 1203 736 1244 tuam
754 1205 822 1265 pro·

138 1265 352 1348 pugnationem
373 1263 467 1324 salutis
486 1283 588 1338 meae,
616 1267 720 1346 partim
737 1267 822 1329 invi·

102 1365 105 1373 ·
139 1347 208 1411 dere
233 1361 357 1425 propter
375 1344 449 1422 illius
465 1343 583 1404 adlionis
602 1345 822 1426 amplitudinem

139 1426 170 1486 δι
214 1426 341 1498 loriam,
355 1422 521 1484 mirificum
541 1445 590 1485 me
610 1425 663 1486 tibi
683 1428 824 1486 contitem

140 1447 343 1586 prabuiffem:
361 1523 534 1584 quamqimm
552 1503 600 1565 ille
616 1509 752 1586 perennis
766 1508 824 1565 ini·

142 1588 232 1646 micus
251 1588 412 1645 amicorum
431 1583 569 1657 suorum,
587 1588 638 1666 qui
657 1587 712 1646 tuis
727 1587 825 1646 maxi-

142 1669 194 1727 mis
212 1662 365 1748 beneficiis
385 1683 523 1737 ornatus,
541 1666 573 1724 in
590 1681 619 1726 te
637 1668 824 1745 potissimum

143 1745 259 1808 naam
277 1745 381 1821 illam,
404 1747 438 1806 ὃ(
462 1744 640 1805 debilitatam
661 1748 724 1808 vim
743 1744 824 1805 suam

144 1827 265 1899 nonnulit
284 1871 297 1901 ,
318 1823 445 1886 nostram
469 1827 568 1886 vicem
593 1825 667 1886 ultus
695 1823 737 1886 est
761 1825 826 1907 ipse

145 1907 221 1969 sese:
244 1905 286 1968 est
305 1909 384 1967 enirn
400 1927 435 1971 ea
453 1921 594 1978 conatus,
619 1905 719 1986 quibus
736 1925 826 1988 pate·

146 1988 254 2063 laetis,
285 1988 395 2048 nullam
423 1988 475 2047 sibi
505 1990 535 2047 in
562 1984 734 2067 posterum,
761 2010 824 2050 non

123 2111 124 2117 κ
145 2070 236 2129 modb
257 2068 404 2150 dignitatis
425 2113 435 2141 ‚
464 2066 514 2127 sed
532 2087 569 2127 ne
594 2066 730 2129 libertatis
753 2073 824 2150 qui·

145 2150 211 2211 dem
229 2165 342 2228 partem
359 2149 482 2227 reliquit.
499 2144 545 2206 Te
563 2165 660 2211 autem
677 2151 732 2209 etsi
745 2151 824 2209 rnal-

146 2230 204 2289 lem
223 2231 255 2288 in
272 2230 345 2288 meis
360 2227 445 2287 rebus
467 2225 523 2288 elle
542 2246 715 2308 expertum,
735 2230 825 2310 qudm

147 2312 233 2370 etiam
249 2308 371 2382 inuria,
387 2324 483 2371 tamen
497 2310 529 2367 in
544 2306 674 2368 molestia
691 2311 826 2391 gaudeo,

148 2410 209 2451 eam
233 2385 485 2470 fideneognorre
512 2387 665 2449 hominum
682 2411 755 2452 non
784 2394 833 2453 ita

149 2469 251 2553 magud
262 2468 424 2542 mercede,
441 2467 531 2549 quam
550 2489 608 2549 ego
624 2472 750 2529 maximo
766 2470 826 2533 do-

149 2550 206 2612 lore
224 2569 394 2631 cognoram.
415 2546 465 2608 De
485 2569 542 2628 qua
560 2550 672 2609 ratione
687 2566 748 2609 tota
763 2548 824 2629 jam

106 2675 108 2682 .
151 2632 262 2691 videtur
282 2628 354 2688 mihi
373 2629 541 2709 exponendi
562 2646 677 2708 tempus
695 2631 774 2703 dari,
790 2650 825 2693 ut

106 2709 110 2734 ³
152 2711 196 2774 tibi
213 2709 369 2771 rescribam
392 2709 429 2769 ad
446 2727 501 2783 ea,
522 2729 588 2789 quae
607 2711 717 2790 quaeris.
744 2709 825 2773 Cer·
846 2760 848 2764 .

152 2793 253 2858 tierent
268 2807 299 2852 te
341 2808 373 2849 er
388 2789 499 2850 litteras
515 2786 611 2849 scribis
626 2788 682 2851 elle
701 2790 826 2864 fadum,

110 2933 114 2952 ¹
153 2891 194 2932 ne
217 2891 286 2933 cum
339 2868 444 2943 asare,
466 2870 499 2929 δι
520 2890 586 2931 cum
606 2869 707 2951 Appio
722 2868 778 2931 effe
794 2872 825 2928 in

197 2954 266 3025 tia3
289 2966 380 3028 ‚teque
410 2950 440 3012 id
461 2971 521 3011 non
537 2951 750 3031 reprehendere
771 2949 826 3009 ad-

91 3037 115 3088 .’
167 3034 254 3100 uibis.
290 3029 443 3093 Vatinium
470 3047 567 3096 autem
594 3029 663 3095 scire
693 3047 723 3089 te
748 3030 827 3095 velle

91 3135 94 3173 i
210 3116 312 3185 rmus
329 3111 388 3177 XI·
689 3108 713 3175 Β
