2184 3975
203 355 284 440 334
354 338 744 411 Err‘srozartum

201 477 245 517 tus
259 460 317 532 sit,
334 461 394 540 agit
406 457 505 538 causas
521 457 647 516 liberales
658 477 673 529 ,·
686 459 741 537 sed
753 451 812 518 rarsi
825 459 872 539 pol
925 498 929 505 -

202 540 350 597 meridiem.
376 543 424 601 De
439 541 592 618 provinciis
612 542 688 617 quael
705 541 756 598 ribi
768 539 877 620 scripse.

201 640 261 679 ram
281 620 326 680 tt.
350 619 453 680 Sextil.
480 623 564 679 allum
589 619 647 689 iri,
670 620 825 700 interpellat
834 616 876 699 ja·

203 701 307 759 ditium
333 701 467 760 Marcelli
487 743 511 774 ‚-
534 699 652 776 consttlis
679 702 826 782 designati.
849 698 879 759 lu
924 692 928 777 'j

203 782 278 839 Kal.
300 778 397 859 rejelld
418 801 445 838 re
468 824 478 853 ‚
515 802 548 838 ne
569 778 754 858 frequentiam
784 782 880 860 quidem
925 780 928 893 ἱ

202 859 303 940 efficere
325 879 479 941 potuerunt.
505 864 572 919 Has
595 861 701 919 litteras
729 885 760 922 a.
786 864 814 920 d.
839 879 882 921 lv.

204 942 283 1000 Nori.
308 941 440 1020 Septemb.
469 942 556 1013 dedi,
579 962 659 1019 quum
678 944 719 1000 ael
740 963 800 1001 eam
820 944 884 1019 diem

207 1042 240 1078 rte
254 1022 429 1102 profligatum
451 1023 559 1098 quidem
581 1023 731 1099 quidquam
753 1039 820 1081 erat.
847 1025 885 1082 Ut
923 1014 928 1029 ⁸

201 1101 282 1160 uideo
296 1144 305 1172 ‚
325 1102 407 1180 causa
423 1101 477 1160 ltaec
496 1105 601 1182 integra
621 1102 662 1158 irt
665 1104 824 1182 proximum
838 1125 886 1162 art·

203 1201 267 1240 num
289 1179 493 1259 transferetur:
529 1182 586 1254 (e,
613 1201 746 1260 quantum
770 1185 885 1256 divina,

202 1262 394 1340 relinquendus
415 1262 464 1320 tibi
487 1263 537 1320 erit
554 1263 601 1340 qui
618 1265 795 1341 provinciam
815 1264 886 1323 obti-

203 1361 276 1401 neat.
290 1345 365 1401 Nam
378 1364 433 1402 mort
445 1343 604 1420 expedietur
608 1341 748 1422 seteeessio
755 1366 770 1416 ,·
782 1347 885 1424 quartia

204 1423 328 1493 Gallia',
345 1436 403 1502 qua
420 1421 519 1481 ltabertr
536 1420 752 1498 irtrercefflrrem
771 1425 801 1484 irt
815 1446 886 1483 eam·

204 1503 264 1560 dem
281 1505 462 1562 conditionem
476 1547 487 1573 ,
508 1503 587 1580 qutim
611 1521 703 1562 cetera
715 1507 887 1584 provincia,

202 1601 345 1643 vocantur.
369 1585 432 1642 Hoc
448 1584 513 1640 milii
535 1604 590 1642 nort
607 1585 641 1662 est
659 1585 777 1644 dubium
795 1607 806 1645 .·
836 1587 887 1666 qul

203 1663 255 1722 tibi
278 1666 365 1744 magis
380 1662 501 1743 scripsi,
520 1679 551 1720 ut
571 1664 611 1720 ad
627 1665 699 1722 lrurtc
717 1683 843 1724 eventum
862 1663 891 1725 ιε’

199 1763 327 1824 parares.
349 1745 416 1802 Fere*
434 1743 532 1800 litteris
551 1743 675 1820 omuibus
695 1746 748 1808 tibi
764 1748 797 1808 de
811 1767 888 1829 pan-

204 1822 288 1890 tlteris
306 1829 418 1911 scripsi.
450 1833 537 1909 Turpe
563 1829 613 1889 tibi
636 1832 718 1900 erit,
746 1829 888 1910 Patiscum

204 1911 318 1972 Curioni
345 1914 433 1970 decem
459 1910 610 1993 pantheras
633 1908 765 1989 misiffe3
788 1931 813 1970 te
835 1933 888 1971 ιιοιι

204 1994 302 2053 multis
318 1992 447 2073 partibus
469 1992 562 2072 plures
581 2014 590 2052 .·
612 2014 683 2071 quas
702 1992 779 2072 ipstss
806 1993 888 2054 Curia

202 2075 270 2133 milti
282 2117 291 2145 ‚
317 2073 345 2132 δ’
369 2071 444 2130 alias
468 2073 624 2150 Africanas
646 2075 735 2131 decem
754 2073 889 2144 donavit3

200 2175 235 2213 me
250 2171 330 2232 putes
354 2154 432 2211 illum
451 2154 557 2212 tantum
574 2155 680 2234 praelia
702 2156 802 2233 rustica
825 2156 893 2212 dare,

195 2234 276 2313 faire
303 2236 365 2306 Tu,
390 2235 417 2291 si
445 2234 523 2293 modi
553 2235 681 2293 memoria
707 2252 802 2294 terreas
825 2278 835 2307 ,
861 2233 889 2293 6·

201 2315 349 2392 Cybiratas
363 2317 540 2384 arcessieris,
560 2318 674 2392 itemque
697 2316 727 2373 irt
746 2315 891 2394 Pamphy·

200 2395 267 2454 liam
288 2396 394 2454 litteras
413 2395 515 2469 miseris
535 2393 549 2473 (
571 2415 635 2453 mam
656 2394 695 2452 ibi
709 2396 809 2475 plures
825 2392 888 2474 capi

202 2471 315 2555 aiunt)
340 2476 414 2553 quoti
432 2476 538 2547 uoles,
569 2473 679 2555 efficies.
716 2477 779 2534 Hoc
802 2476 891 2534 velte·

201 2554 317 2617 mentitis
341 2556 434 2615 laboro
458 2575 551 2625 rturtc,
574 2555 648 2635 quid
660 2553 780 2633 seorfitm
800 2577 820 2611 a
834 2554 892 2614 col·

202 2638 264 2718 lega
277 2655 345 2717 puto
365 2638 430 2695 milti
447 2638 538 2695 omnia
549 2638 689 2716 paranda.
710 2634 821 2694 Amabo
842 2655 890 2708 te,

205 2719 308 2796 impera
331 2718 380 2776 tili
407 2718 456 2777 leae
483 2738 561 2777 eura.
588 2716 668 2775 Soles
691 2716 834 2787 libenter,
860 2732 891 2773 ιιι

204 2819 275 2877 ego,
293 2798 420 2876 majorem
441 2816 545 2877 partem
562 2797 635 2853 miltil
653 2817 757 2854 curare.
786 2797 821 2855 Irt
840 2796 892 2854 lac

199 2880 305 2963 uegetis
322 2880 402 2940 nulla
418 2896 488 2953 tua,
506 2878 562 2939 uisi
575 2876 727 2957 laque-redi,
747 2897 816 2938 cura
835 2879 893 2959 est,
