2184 3975
275 487 357 584 '376
418 468 806 556 Eatsaozaiwit

276 601 342 664 elle.
362 600 455 682 Quod
472 621 561 682 quum
573 601 613 659 ita
628 602 683 675 sit,
696 600 826 660 hortatio
839 614 906 658 non*
921 590 963 660 etl.

275 680 449 742 necellaria:
481 681 671 765 gratulatione
699 683 793 763 magis
819 675 960 740 utendum

275 761 326 823 est.
346 760 484 843 Contigit
500 764 579 822 enim
605 762 678 834 tibi,
704 761 790 842 quod
807 759 888 820 haud
903 759 961 822 scio

277 863 315 902 an
337 845 471 917 nemini,
490 857 524 901 ut
541 840 653 900 summa
668 840 803 903 severitas
826 839 960 900 animad-

277 924 420 983 versionis
445 942 506 980 non
526 921 618 981 mo'db
640 938 701 982 mon
727 920 895 994 invidiosa,
914 919 964 981 sed

278 1004 367 1063 etiam
398 1002 544 1083 popularis
571 999 669 1076 effet,
692 1001 725 1060 &
753 1022 847 1082 quum
879 1000 962 1061 bonis

278 1082 435 1155 omnibus,
456 1099 517 1142 tum
539 1079 644 1141 infimo
664 1085 766 1161 cuique
792 1081 966 1164 gratissima.

279 1161 346 1222 Hoc
370 1163 393 1221 si
413 1161 468 1220 tibi·
485 1160 603 1221 fortuna
624 1163 750 1242 quadam
773 1159 938 1244 contigiss'et
950 1201 966 1234 r

278 1242 435 1327 gratularer
453 1240 585 1302 felicitati·
601 1257 676 1303 tuae:
695 1241 749 1302 sed
763 1244 891 1325 contigit
904 1259 965 1301 ma·

279 1322 427 1404 gnitudine
445 1341 537 1403 quum<
556 1324 665 1396 animi,
684 1339 746 1382 mm
770 1324 860 1383 etiam
878 1325 964 1404 inge·

277 1405 340 1477 nii,
356 1421 441 1484 atque
457 1404 581 1463 consilii.
598 1401 671 1484 Legi
689 1405 768 1463 enim
787 1405 963 1464 concionem

279 1500 383 1543 tuam:
400 1482 473 1543 nihil·
489 1483 542 1542 illlr
558 1481 721 1562 sapientius.
752 1482 796 1544 lta
814 1483 963 1564 pedeten-

280 1566 332 1624 tim
361 1563 392 1624 &
445 1562 569 1623 radatim*
592 1580 654 1623 tum
683 1562 807 1624 access'us
829 1587 848 1624 a
873 1582 902 1626 te
926 1563 966 1625 ad

281 1642 393 1703 causam
418 1584 506 1716 gffi,
531 1661 594 1703 tum
613 1642 754 1716 recessus,
783 1661 816 1705 ut
836 1665 884 1706 res
904 1644 965 1724 ipsa

279 1727 481 1784 maturitatem·
493 1724 548 1784 tibi
564 1725 811 1785 animadvertendi
832 1745 965 1786 omnium

281 1802 414 1864 ‘concessu
436 1804 526 1864 daret.
548 1803 683 1864 liberasti
700 1808 787 1887 igitur
807 1805 842 1864 &
860 1806 968 1866 urbem

279 1885 410 2024 fericulo
422 1926 437 1956 ,.
454 1884 485 1943 &
503 1887 654 1945 civitatem
670 1901 771 1957 metu;
799 1896 896 1966 neque
912 1885 968 1946 so-

294 1965 302 1987 l

292 1984 344 2023 um·
357 1964 398 2023 ad·
412 1981 526 2044 tempus
544 1968 700 2026 maximam
718 1967 874 2027 utilitatem
890 1983 966 2027 attu-

280 2042 358 2119 listi,
387 2044 544 2105 sedetiam
569 2047 610 2105 ad*
625 2048 793 2126 exemplum
814 2046 890 2106 fatti.
911 2046 966 2107 ln·

282 2126 417 2206 telligere
432 2126 520 2186 debes
541 2129 569 2185 in
586 2144 615 2186 te
635 2130 760 2207 positam
774 2126 831 2188 effe
850 2148 966 2209 rempm

281 2205 410 2278 blicam,
428 2205 537 2285 tibique
558 2225 619 2266 που
640 2208 730 2268 modi)
745 2208 893 2282 tuendos,
914 2208 968 2269 set

281 2288 368 2345 etiam
385 2288 531 2345 ornandos
553 2285 609 2347 elle
626 2289 692 2347 illos
711 2290 815 2363 vitos,
827 2312 845 2349 a
860 2290 965 2370 quibus

279 2366 393 2425 initium
417 2366 554 2425 libertatis
575 2367 734 2448 profetiam
761 2368 811 2429 est.
843 2368 902 2429 Sed
919 2370 964 2430 his

281 2446 318 2505 tle
346 2446 430 2507 rebus
457 2446 556 2506 cotim
589 2450 672 2527 plura
702 2451 906 2529 propediem,
932 2469 965 2511 ut

280 2524 374 2605 spero.
391 2525 441 2586 Tu
455 2572 464 2599 ,
480 2531 617 2608 quoniam
636 2532 868 2609 rempublicam,
892 2530 964 2590 nos-

303 2626 338 2665 ue
362 2608 512 2667 conservas
537 2653 545 2679 ‚
575 2607 619 2667 fac
639 2627 671 2669 ut
695 2610 913 2693 diligentissimi
933 2631 968 2673 te·

280 2628 395 2768 {lPsUQ
410 2691 450 2748 mi
470 2686 653 2767 Dolabella,
674 2689 833 2756 custodias..
