2184 3975
201 492 276 560 An
293 493 735 564 FAmrnrAnns-erdll.
764 509 817 588 95

129 625 165 669 ne
181 606 220 666 ab
238 607 274 665 iis
292 606 411 685 quidem
428 604 492 668 sieri
509 606 655 680 solerent,
672 610 720 690 qui
733 607 818 671 brevi

130 704 266 769 tempore
299 687 355 746 sibi
383 688 499 749 succedi
526 703 672 768 putarent.
701 688 818 750 Horum

131 787 186 852 ego
209 766 351 831 sermone
373 790 434 830 non
460 768 620 835 movebar:
643 770 711 850 quin
730 772 819 833 etiarn

131 847 266 930 (credas
289 848 361 909 mihi
377 847 501 932 velim)
522 852 546 909 si
602 849 631 909 'd
650 867 681 910 ru
696 869 820 930 ageres,

133 930 221 993 tevari
243 950 298 1025 me
315 932 456 1026 putabam
476 871 610 991 molesiiit1

624 951 632 965 ·
661 929 692 988 &
710 950 747 991 ex
764 952 821 990 an-

134 1031 185 1072 nua
204 1030 388 1111 provincra,
409 1033 474 1095 quae
495 1011 566 1071 mihi
585 974 672 1094 lodga
687 1011 823 1089 videtur,

134 1112 224 1173 prope
245 1089 309 1171 jam
322 1093 461 1155 undecim
476 1096 619 1154 mensium
635 1095 820 1172 provinciam

135 1171 237 1233 fidam
262 1169 322 1233 effe
347 1174 538 1259 gaudebam,
571 1176 595 1234 si
615 1172 724 1235 absenti
751 1175 823 1239 mihi

137 1256 215 1315 unius
237 1256 350 1316 mensis
371 1256 454 1316 labor
476 1255 617 1316 detrasius
641 1254 719 1317 effer.
745 1254 822 1321 Illud

139 1332 239 1415 (vere
262 1335 388 1420 dicam)
410 1357 459 1398 me
481 1353 584 1397 movet
598 1381 606 1408 ,
620 1339 651 1394 in
669 1354 748 1398 tanta
761 1339 823 1397 mi-

139 1415 212 1479 itunt
230 1419 380 1497 paucitate
397 1414 491 1479 abesse
507 1436 566 1478 tres
581 1416 717 1480 cohortes
731 1463 740 1493 ,
756 1438 822 1499 quae

141 1498 572 1641 iirepdiiiiimztzsise
595 1496 825 1641 inmisit

142 1656 245 1722 visurus
267 1662 345 1735 sim,
363 1659 478 1733 nesci03
499 1600 653 1743 edqiteqad
668 1623 699 1720 td
715 1660 825 1722 tardius

142 1738 258 1825 scripsi,
278 1741 362 1824 quod
377 1742 508 1824 quotidie
526 1760 557 1805 te
577 1739 669 1821 ipsum
683 1739 829 1820 exspesia·

142 1820 231 1884 tam:
263 1842 357 1904 quum
380 1826 492 1887 interea
511 1842 550 1884 ne
574 1823 681 1881 litteras
706 1821 826 1901 quidem

144 1902 205 1967 ullas
222 1906 351 1983 accepi,
369 1926 434 1987 quae
448 1924 497 1965 me
515 1905 657 1965 docerent
673 1902 742 1983 quid
756 1922 828 1987 age·

146 2004 202 2062 res,
222 2002 276 2048 aut
293 1984 345 2045 ubi
364 2004 393 2047 re
414 1986 522 2048 visurus
545 1982 645 2046 essem.
661 1981 761 2065 ltaque
775 1987 827 2046 vi-

147 2085 200 2128 rum
222 2067 365 2138 sortem',
387 2068 515 2146 mihique
537 2069 568 2125 in
589 2066 690 2144 primis
714 2066 829 2145 proba·

151 2161 219 2222 urm,
235 2144 427 2219 Antonium,
441 2144 607 2227 praefectum
621 2163 829 2223 evocatorum,

152 2227 203 2288 nisi
226 2224 271 2286 ad
294 2242 347 2299 te,
368 2227 434 2301 cui,
455 2228 479 2286 si
501 2228 556 2287 tibi
572 2226 744 2301 videretur,
770 2248 829 2290 co-

153 2303 237 2371 buttes
258 2305 390 2371 traderes
410 2326 421 2381 3
451 2323 507 2381 ur,
530 2307 601 2368 dum
624 2325 739 2388 tempus
761 2311 831 2371 anni

156 2383 211 2450 eset
238 2387 417 2464 idoneum,
448 2389 556 2469 aliquid
584 2389 695 2471 negotii
728 2409 830 2471 gerere

159 2467 276 2546 puiemt
290 2469 323 2529 in
339 2489 421 2550 quo,
438 2486 489 2529 tuo
510 2470 635 2529 consilio
653 2487 685 2530 ut
701 2490 750 2530 me
767 2471 832 2552 spe·

91 2551 99 2589 ²
162 2567 236 2612 tent
253 2547 316 2610 effe
337 2548 474 2623 usurum,
493 2549 525 2609 &
543 2551 667 2609 amicitia
686 2548 782 2612 nostra
799 2551 832 2614 δι

91 2611 103 2710 i,
164 2625 243 2694 hm
260 2647 326 2690 tuae
345 2629 494 2701 fecerant3
513 2629 594 2709 quod
613 2650 650 2690 ne
672 2653 749 2691 nunc
762 2636 831 2715 qui-

91 2711 109 2752 Β
168 2707 213 2772 h
224 2709 366 2791 despero.
380 2709 439 2771 Sed
454 2710 541 2791 plane
556 2711 694 2792 quando,
715 2730 763 2773 aut
780 2714 832 2775 ubi

96 2805 112 2822 ·
171 2791 316 2854 uisurus
344 2793 421 2865 sim,
451 2792 506 2850 nisi
526 2791 563 2851 ad
589 2812 638 2859 me
661 2790 833 2875 scripseris,

91 2874 116 2930 ·3
173 2871 344 2956 tsuspicari
368 2871 485 2952 quidem
505 2870 628 2952 poffum.
649 2870 713 2955 Ego
731 2892 764 2934 ur
783 2892 834 2931 me

91 2959 122 3010 ¹,
176 2949 427 3016 “mucissimum
444 2951 527 3026 effe,
550 2954 582 3013 ὃ(
602 2956 679 3033 aequi
695 2951 834 3046 &iniqui

91 3018 128 3162 ε
173 3027 834 3136 Ιῌὶἰςωιτ,ειιῐῑὼο,1)ειιιοὶιιιιιεειιιιιιιο
