2184 3975
182 476 247 558 496
406 476 652 539 Nonarum
679 500 720 516 ···

179 579 309 632 certamine
327 577 433 630 militari.
457 578 539 641 Quum
557 575 617 626 verri
637 571 753 625 celeritas
772 570 867 625 {arka-¹

179 666 234 712 tut,
257 653 321 720 equis
340 653 401 703 velis
419 651 533 709 dicitur.
544 649 689 716 fugientium
707 647 866 699 similitudine

182 727 246 778 terri
256 726 372 791 marique.
384 724 519 775 Manutius.

216 798 279 847 ibid.
297 813 341 858 24·
357 797 491 859 Reicitum.
504 795 572 846 Vide
583 793 613 842 de
624 791 710 842 linibus
727 805 759 856 3,
777 807 823 854 51.
861 834 863 843 .

215 868 287 934 364,
303 885 335 931 4..
344 871 417 920 Multi
429 869 535 934 discipuli
550 866 727 933 praestantiores
739 865 865 933 magistris.

218 943 287 1005 365,
311 942 351 993 16.
372 943 447 1000 Hac,
458 957 544 1007 nempe
556 955 679 1003 tempora,
693 937 741 1005 ipsi
758 940 868 1005 praestm

179 1014 295 1065 dtitmas.
315 1015 410 1066 Horum
429 1027 565 1079 temporum
584 1013 653 1061 nobis
670 1012 795 1060 reddenda
807 1011 870 1062 ratio

180 1087 214 1138 est
233 1104 241 1139 t
263 1088 335 1138 otiosi
356 1088 420 1136 enim
441 1087 528 1136 sumus.
556 1085 621 1135 Frid.
643 1084 788 1134 Gronovius
809 1083 869 1151 legit

183 1161 243 1213 banc
257 1160 318 1227 ipsi,
332 1159 383 1220 scil.
394 1161 481 1209 horum
492 1173 628 1222 temporum
639 1157 733 1206 causam
743 1157 871 1223 ,pralium
895 1154 897 1157 ’

181 1232 302 1288 debemus,
321 1247 400 1298 neque
415 1230 463 1298 iarn
482 1229 596 1281 obtentui
609 1229 657 1279 elie
673 1229 754 1294 potest
770 1229 870 1283 fortuna

183 1305 333 1371 reipublice.

220 1378 649 1440 368,19.Verunorar,tamquam
665 1373 759 1440 spurios
776 1372 869 1439 rejicit.

180 1449 277 1500 obelus
289 1450 335 1500 fuit
346 1450 440 1517 signum
450 1449 588 1499 criticorum
597 1481 606 1504 ,
616 1464 666 1514 quo
674 1447 776 1514 spurina
787 1448 870 1514 genui-

182 1523 219 1574 nis
237 1523 413 1572 discernebant.
432 1521 517 1590 Ego...
531 1520 680 1586 judicaturus
693 1516 771 1586 sum,
793 1520 868 1569 atrias

182 1595 230 1646 siat
243 1598 323 1661 pofitae
334 1613 365 1645 art
374 1593 456 1644 inserti
466 1628 473 1653 ,
483 1594 615 1652 subdititii,
628 1593 760 1657 interjelii.

184 1720 189 1733 ¹
218 1668 279 1718 ibid.
292 1682 336 1732 23.
353 1667 484 1736 lugentium
502 1666 655 1733 Squillartrm.
673 1666 754 1715 Locus
767 1664 798 1714 ·in
818 1664 871 1715 mff.

181 1740 321 1792 mendosus.
338 1740 403 1790 frid.
416 1739 569 1790 Gronovium
586 1739 715 1805 sequimur.
733 1738 783 1787 Alii
797 1754 873 1803 repo·

183 1825 244 1863 nunt
261 1814 406 1869 culinarum,
421 1815 463 1874 vel
479 1812 637 1880 gallinarum,
652 1823 695 1859 aut
714 1812 871 1863 cochlearum.

182 1885 251 1938 idem
270 1884 413 1936 Gronovius
428 1902 472 1951 pro
482 1885 587 1951 Sophia,
598 1884 656 1949 legit
668 1883 759 1949 Sepia,
773 1884 814 1949 qui
823 1883 873 1949 pis·

182 1957 217 2008 cis
235 1956 267 2006 est
280 1970 333 2008 atro
345 1957 456 2023 sanguine
469 1991 477 2016 ,
489 1956 557 2022 cujus
568 1956 684 2007 effusione
696 1958 834 2007 serutatur.

218 2030 280 2079 ibid.
294 2030 337 2081 28.
349 2030 536 2087 Convidorem,
549 2032 684 2079 convivam.

219 2116 291 2166 371,
309 2118 350 2154 ιο.
366 2102 487 2152 Aliorum.
500 2101 699 2152 Caesarirnorum.

222 2188 291 2237 377,
311 2190 353 2225 12.
370 2175 507 2243 Pergratum
521 2176 566 2223 tibi
578 2174 621 2240 effe
632 2192 710 2224 curam
719 2192 793 2224 meam
805 2176 871 2225 vale·

181 2247 268 2296 tudinis
283 2261 336 2295 rua.
358 2248 393 2296 ita
406 2264 418 2295 e
431 2249 476 2296 suis
486 2247 535 2296 mii.
545 2248 671 2297 Manutius
691 2248 717 2297 δι
727 2248 872 2308 Corradus,

181 2335 242 2385 quos
255 2318 360 2383 sequitur
371 2319 486 2369 Olivetus
498 2336 506 2377 ;
523 2320 549 2369 ὅ(
560 2320 594 2369 sic
606 2322 676 2370 etiam
687 2319 756 2370 affert
766 2337 781 2370 e
790 2320 871 2374 Paiat.

183 2393 210 2441 6.
231 2391 255 2441 dt
274 2391 346 2455 prisca
364 2392 469 2441 editione
492 2393 645 2443 Gebhardus.
665 2392 730 2455 Quia
747 2406 827 2443 tamen
844 2395 871 2443 in

182 2465 227 2521 elia
238 2464 347 2529 pictique
358 2465 456 2514 codices
467 2467 570 2523 abeunt,
585 2467 705 2517 Gruterus
718 2466 743 2516 δι
754 2466 871 2517 Graevius

183 2553 237 2586 cum
248 2536 359 2587 Viliorio
375 2539 456 2586 locum
472 2550 587 2588 notarunt
601 2538 723 2587 asterisco.

220 2609 271 2672 378
283 2642 290 2667 ,
304 2626 328 2659 2.
347 2609 451 2659 Oblitus.
463 2610 616 2676 inquinatus,
628 2612 758 2660 maculatas
768 2610 870 2661 Latino·

183 2699 269 2734 norum
287 2683 430 2748 municipum
449 2682 559 2733 sermone
577 2685 603 2734 dc
618 2684 743 2741 formulis,
761 2701 775 2732 a
791 2685 876 2735 verbo.

185 2755 289 2805 oblinor.
299 2756 344 2804 ita
355 2754 484 2805 Cellarius.

221 2828 281 2879 ibid.
301 2842 342 2889 19.
360 2826 553 2878 Commoratiortis
565 2828 666 2876 urbana.
684 2826 756 2895 Regii
770 2828 875 2880 codices

183 2898 272 2949 vitiosi
289 2916 342 2950 cum
361 2900 497 2967 quibusdam
508 2900 578 2949 editis
594 2901 683 2951 habent
699 2902 873 2953 moderationis

185 2972 288 3021 urbane.

195 3091 198 3096 .
219 3045 291 3109 380,
308 3046 350 3099 28.
366 3042 405 3096 Ab
415 3043 492 3097 bisne
502 3045 673 3114 artariputtrrt.
684 3046 751 3097 Nam
766 3048 812 3097 etsi
822 3011 876 3111 &cd
