2184 3975
213 493 291 579 324
360 474 743 542 Errsrozrnon

210 596 308 669 Neque
325 589 396 647 enirn
405 587 487 668 stulti
507 587 617 668 Appius
624 608 639 659 ,·
656 589 705 666 qui
721 584 883 666 simulatque

210 669 366 737 Dolabella
385 666 501 727 accessit
519 670 559 726 ad
576 668 699 728 tribunal
714 710 726 736 ,
753 667 883 725 introierat

208 751 238 810 in
257 751 369 822 urbem,
391 749 572 829 triumphique
586 747 797 829 postulationem
816 747 858 824 obj
869 775 885 791 ·
927 766 928 771 ¹

209 849 295 890 cerat.
306 835 376 989 fua
384 826 462 908 fillo
478 831 579 888 retudit
587 828 744 907 sermones,
753 829 887 907 paratior·

210 931 263 992 que
281 912 310 969 oi
323 931 357 969 us
383 911 440 991 est,
462 909 544 987 qua¹nt
561 907 887 990 speraverataecusator.

208 994 241 1052 Is
262 1012 334 1050 nunc
354 991 384 1049 in
407 1008 431 1049 te
451 993 598 1069 maximam
613 989 691 1070 spem
710 985 888 1056 labet.,Scio

210 1073 261 1132 tibi
284 1091 342 1129 eunt
362 1091 417 1129 non
445 1067 494 1148 effe
522 1072 608 1131 odio:
633 1070 716 1150 qudm
742 1069 815 1128 velis
836 1089 889 1127 eun

209 1153 265 1212 obli
282 1173 348 1223 are,
372 1152 402 1208 in
424 1167 473 1229 tua
494 1170 578 1209 manu
604 1152 666 1232 esl;
696 1170 759 1208 cunr
782 1170 834 1228 quo
851 1151 890 1207 si-

209 1175 312 1291 mulias
332 1232 358 1289 si
378 1229 429 1289 tibi
447 1251 502 1289 non
515 1228 612 1310 fuiffet
623 1245 635 1305 ,’
656 1228 774 1290 liberius
793 1229 841 1289 tili
859 1230 890 1287 de

196 1329 270 1372 *tota
298 1333 325 1369 re
352 1307 423 1388 effer.
450 1312 536 1371 Nunc
558 1313 585 1370 si
605 1309 745 1386 adillam
761 1307 890 1388 fitmnarn

208 1395 348 1453 veritatem
364 1388 509 1471 legitimum
521 1388 574 1465 jus
589 1393 728 1472 exegeris,
743 1392 891 1451 cauendum

209 1473 260 1533 tili
282 1472 354 1545 erit,
375 1494 408 1531 rte
426 1491 525 1551 parurn
548 1472 712 1551 simpliciter
730 1471 761 1529 6·
779 1469 889 1530 candidl

205 1551 324 1635 posuiffe
344 1552 505 1612 inimicitias
529 1555 659 1613 videaris.
680 1553 716 1612 In
734 1551 809 1625 liano
824 1572 891 1632 per-

211 1652 263 1694 tent
277 1633 357 1714 porro
370 1651 457 1693 tutum
472 1631 522 1692 tibi
537 1635 603 1705 erit,
623 1635 649 1693 si
665 1633 736 1712 quid
751 1631 890 1704 uolueris,

207 1714 380 1796 gratificari:
399 1735 475 1774 nemo
490 1715 560 1772 enirn
573 1714 775 1773 necessitudine
788 1713 817 1773 δ’
828 1713 894 1771 arni·

211 1795 278 1855 citid
298 1813 323 1853 te
344 1795 497 1854 deterritum
522 1796 558 1853 ab
585 1793 672 1875 officio
701 1794 786 1853 dicet.
816 1792 895 1852 Illud

209 1874 276 1932 miti
295 1877 431 1947 occurrit,
448 1874 522 1952 quod
537 1876 608 1935 inter
619 1873 893 1956 postulationem&

208 1955 326 2015 nominis
358 1955 522 2014 delationem
546 2000 558 2031 ‚
585 1977 656 2016 uxor
685 1977 704 2015 a
734 1954 893 2015 Dolabella

209 2034 344 2111 discessit.
374 2036 452 2115 Quid
472 2035 538 2093 miti
560 2038 700 2115 discedens
717 2037 893 2111 mandaris,

193 2118 339 2175 'meminiz
370 2118 439 2193 quid
462 2138 508 2197 ego
530 2116 580 2175 tili
589 2115 770 2197 scripserim,
791 2136 816 2177 te
838 2138 892 2176 nott

206 2197 325 2254 arbitror
340 2195 464 2254 oblitum.
485 2199 554 2255 Non
573 2196 675 2278 estjam
692 2216 799 2277 tempus
830 2197 891 2255 lura

206 2275 349 2333 narrandi.
377 2278 472 2333 Unum
495 2277 569 2336 illud
588 2299 693 2337 monere
716 2296 742 2335 te
757 2219 891 2357 poffitm

188 2389 191 2394 ·
206 2357 233 2415 si
254 2379 296 2415 res
312 2355 363 2414 tibi
382 2379 437 2415 non
453 2357 625 2437 displicebit,
645 2375 735 2416 tamen
756 2359 807 2417 ltoa
825 2376 891 2417 tem-

202 2458 270 2516 pore
297 2436 370 2495 nilril
390 2440 423 2495 de
449 2456 499 2497 tun
520 2440 661 2498 voluntate
682 2440 836 2518 ostendas,
863 2438 891 2497 δ’

205 2518 339 2596 exspolies
362 2562 372 2590 ,
401 2520 622 2597 quemadmodum
655 2535 738 2576 exeat
770 2541 806 2578 ex
837 2520 891 2577 hac

206 2598 300 2677 causa.
313 2599 440 2675 Denique
454 2598 619 2676 invidiosum
634 2599 684 2657 tibi
697 2601 734 2657 sit
746 2642 759 2669 ‚
776 2601 802 2658 si
816 2620 892 2656 enta·

205 2681 289 2738 narie.
311 2678 418 2750 Porro,
444 2680 609 2758 significatio
631 2680 692 2738 ulla
712 2681 737 2737 si
760 2680 891 2759 interces-

198 2759 267 2838 serit
279 2803 291 2830 ,
310 2759 434 2827 clarius,
449 2760 528 2835 qua'nr
543 2762 655 2830 deceat,
676 2777 725 2818 aut
738 2761 889 2838 expediat,

200 2840 265 2917 fiat.
297 2840 393 2915 Neque
418 2838 466 2895 ille
492 2856 579 2895 tacere
603 2862 662 2899 earn
685 2861 738 2897 rrrn
759 2843 887 2921 poterit,

205 2941 263 2998 qun
270 2918 329 2999 fita
336 2916 397 2997 spei
409 2936 463 2975 eam
480 2936 632 2997 opportuna
647 2922 780 2979 acciderit
786 2942 800 2993 ;
818 2939 889 3000 qua·

202 3021 255 3080 que
284 3000 314 3059 in
340 3000 445 3081 negotio
471 2999 638 3079 conficiendo
660 3001 738 3062 tanto
758 3002 891 3082 illustrior

810 3099 889 3147 ertt:
