2184 3975
279 472 358 561 432
432 449 810 532 Ens'sroznnuss

279 580 403 640 assiduis
422 576 562 636 laboribus
581 573 889 654 concursationibusque
906 573 983 635 eorl·¹

270 659 405 738 sellum,
464 659 554 717 auiter
572 655 602 737 se
628 652 774 732 babuiffffi
805 673 892 715 antea
923 655 968 715 tibi

272 740 397 819 firipd:
416 678 470 817 ὦ
486 755 576 797 tanen
599 754 679 815 quum
696 736 817 815 printitn
835 733 913 816 poffc
928 739 968 796 in·

277 820 355 900 gredi
376 824 422 878 coe'
438 819 457 877 't
470 821 490 891 ‚'
502 840 557 878 non
575 818 661 897 magis
682 815 760 890 sibi,
778 817 865 895 quine
885 819 968 896 reipu-

278 900 359 959 blica
372 942 383 973 ‚
393 840 608 978 ffeonualuiffe
624 895 803 976 existimans,
821 899 864 955 ad
879 899 967 957 onnia

277 980 405 1059 pericula
427 980 554 1059 prirueps
582 974 631 1054 effe
652 998 707 1035 non
730 977 886 1054 recusabat.
915 977 975 1037 Sel.

280 1078 330 1140 'ego
350 1079 409 1117 eunt
435 1079 490 1116 non
508 1056 600 1138 fitlbm
622 1056 824 1150 hortandum
846 1055 966 1157 ‚nertin

278 1139 553 1298 :continu
568 1134 707 1294 iniit
719 1136 965 1296 now
989 1223 992 1228 -

275 1294 377 1377 juvare
393 1292 478 1377 poffet
499 1300 530 1356 in
555 1298 673 1374 caflris,·
700 1295 731 1354 ἂ
748 1297 823 1375 qubd
847 1297 964 1357 acerbis·

280 1379 350 1436 sinro
371 1377 480 1448 interitu
501 1375 639 1450 conficiunt
658 1377 853 1455 rempublicam
872 1379 963 1436 nuda-

280 1475 368 1529 tarn,
394 1457 450 1515 tali
471 1457 530 1517 cive
584 1473 661 1517 atore
682 1456 713 1515 in
729 1457 848 1517 urbanis
868 1454 963 1539 officiis

280 1537 401 1617 indigere
419 1539 464 1595 exi
488 1538 495 1551 ”
557 1558 612 1595 arn.
632 1537 718 1616 Quod
735 1539 764 1596 si
776 1539 841 1616 quis
855 1538 963 1617 ueflrtin

276 1634 336 1675 non
356 1616 504 1697 probabit,
523 1618 589 1676 milti
604 1616 780 1696 prudentiam
799 1620 840 1677 in·
850 1620 963 1678 consilio

279 1694 392 1775 defueffe
411 1695 505 1776 sciat,
524 1719 579 1756 non
597 1697 643 1756 illi
660 1718 723 1777 erga
758 1698 860 1756 atriatn
871 1699 964 1777 fideli·

280 1793 374 1835 tatem.
396 1778 519 1857 Lepidus
536 1795 626 1836 tamen
637 1820 648 1849 ,
660 1718 758 1855 ,quos
758 1799 806 1859 ego
825 1780 964 1838 desidera·

283 1856 346 1914 barn
356 1854 369 1927 ‚'
375 1855 445 1933 fecit
461 1876 491 1915 uc
508 1857 641 1938 Apellam
656 1860 696 1914 ad
709 1877 751 1914 nte
767 1859 900 1930 tnitteret,
913 1881 963 1938 quo

277 1936 373 1996 abside
390 1937 448 2013 fide
467 1936 547 1996 illius
568 1938 596 1996 θ
612 1937 753 2017 fitcietatis
768 1938 800 1997 in
822 1940 963 2019 republica

276 2017 492 2095 'administranda
521 2035 618 2076 uterer.
642 2020 770 2078 Studium
794 2020 863 2077 milti
881 2023 962 2100 suurn

280 2098 316 2155 L.
335 2097 469 2168 Gellius,¹
489 2098 522 2155 de
544 2100 630 2157 tribus
642 2095 781 2175 fratribus
802 2103 871 2159 Sex.
898 2103 961 2161 Ga-

279 2178 365 2236 uianc
380 2176 534 2254 probauit:
561 2200 611 2257 quo
634 2199 680 2259 ego
705 2179 848 2259 interprete
867 2184 961 2241 novis·

276 2255 345 2313 'einis'
361 2257 408 2311 nd
429 2256 563 2335 Lepidum
574 2257 637 2336 funt
655 2257 729 2336 usus.
750 2259 883 2332 Amicum
903 2281 959 2320 eunt

274 2333 432 2413 reipublice
452 2333 574 2415 cognoffe
601 2338 722 2409 videor3
745 2338 912 2419 libenterque
936 2342 960 2401 ei

273 2412 335 2492 fitne
353 2415 523 2493 testimonio,
548 2416 575 2474 b
594 2418 719 2476 omnibus
738 2437 807 2491 ern,
828 2421 880 2497 qui
893 2420 959 2480 bene

276 2512 417 2553 merentur.
439 2493 496 2555 Fac
514 2497 611 2556 valeas
622 2539 634 2568 ‚
661 2516 751 2576 tneque
770 2500 865 2559 rnutub
889 2503 959 2560 dili·

275 2588 349 2654 gae,
366 2576 574 2655 dignitatemque
587 2597 672 2635 meam
685 2621 695 2650 ,
710 2580 737 2637 si
751 2598 870 2655 mereor,
885 2599 959 2640 tuea·

273 2655 341 2730 ris,
361 2656 433 2714 sicut
450 2656 540 2720 adbuc
558 2657 693 2738 singulari
718 2678 778 2719 cunt
796 2660 958 2729 beneuolen-⁴

270 2729 318 2793 'sta
329 2733 429 2817 secut.
