2184 3975
244 526 313 595 An
324 526 546 596 Fanrrrnn.
561 527 645 597 Lrn.
662 529 702 597 V.
743 539 820 622 209'

142 641 208 704 bere
230 640 293 706 non
305 642 396 723 potui
416 660 425 699 t
450 643 474 700 si
494 639 584 716 fides,
602 643 742 725 majorem
766 646 820 706 tibl

143 723 243 796 habui,
265 722 355 806 quarn
378 740 453 803 pene
483 724 538 801 ipsi
560 725 653 785 mihi:
669 729 691 786 si
713 729 819 805 provi-

143 803 267 865 dendum
288 803 342 864 fuit
358 847 368 876 ,
387 821 425 862 ne
451 803 522 883 quid
548 805 629 864 aliter
651 826 684 864 ac
706 805 758 875 tibi
783 805 817 865 &

143 882 311 960 honesturn,
328 884 361 943 δι
379 881 449 942 utile
467 880 558 957 effet,
574 883 744 957 refenetur3
757 904 818 945 non

143 963 223 1026 habui
242 968 290 1025 cui
323 965 398 1024 otiis
414 963 445 1022 id
462 965 572 1045 negotii
592 963 712 1037 darem,
731 965 819 1046 quint

143 1048 183 1105 cui
203 1045 282 1106 dedi.
301 986 379 1104 lllud
400 1043 517 1124 quidem
538 1046 615 1105 certe
635 1045 740 1104 sallum
759 1043 818 1119 est,

176 1127 216 1186 od
233 1126 283 1186 lex
300 1122 436 1204 jubebat,
457 1140 489 1182 ut
498 1126 575 1204 apud
588 1126 657 1186 duas
668 1129 817 1201 civitates,

141 1145 343 1266 ffiodicensem
355 1205 386 1264 δι
402 1203 634 1284 Apameensem,
654 1227 718 1288 quae
730 1207 816 1268 nobis

143 1289 269 1348 maxima
287 1286 481 1355 videbantur,
498 1289 635 1367 quoniam
652 1291 690 1348 ita
701 1285 813 1349 necess'e

141 1384 213 1441 erat,
225 1369 350 1427 rationes
362 1364 505 1426 confetlas
519 1367 550 1425 ὅ(
561 1367 750 1428 consolidatas
763 1368 816 1428 de-

143 1444 320 1527 poneremus.
339 1444 440 1526 Itaque
456 1447 522 1506 hu'ic
546 1448 614 1508 loco
631 1451 754 1528 primism
770 1468 816 1509 re·

142 1525 289 1608 spondeo,
307 1548 355 1588 rne
376 1547 551 1610 quamquam
570 1524 648 1606 jussis
668 1529 705 1588 de
723 1529 814 1588 causis

91 1646 93 1655 ι
141 1610 261 1670 rationes
288 1607 401 1668 deferre
450 1611 635 1688 repentini,
658 1625 755 1667 tamen
783 1626 813 1669 te

91 1704 93 1711 '
142 1689 361 1770 exspeGlaturnrn
381 1629 482 1761 fuiffe,
499 1690 554 1748 nisi
565 1693 594 1747 in
609 1691 755 1768 provincia
768 1709 815 1749 re·

91 1820 94 1845 ,
140 1767 210 1831 litas
229 1773 354 1830 rationes
372 1769 505 1848 prolatis
525 1769 671 1829 haberem.
698 1769 814 1849 Quam·

142 1849 237 1911 obrem
251 1851 288 1912 de
300 1849 425 1909 Volusio
437 1850 517 1930 quod
530 1849 643 1923 scribis,
658 1871 718 1908 non
730 1847 771 1909 est
783 1849 812 1910 id

138 1933 279 1993 rationum
292 1930 472 1994 :docuerunt
492 1933 571 1990 enim
590 1949 638 1991 me
657 1933 741 2011 periti
757 1930 813 1993 ho·

140 2014 244 2087 mines,
260 2016 291 2073 in
302 2012 344 2073 his
356 2032 444 2093 quum
461 2014 592 2071 omnium
625 2014 813 2087 eritissimus‚

140 2108 193 2153 turn
216 2094 289 2154 mihi
312 2095 516 2163 amicissimus,
537 2092 576 2151 C.
603 2113 605 2116 ·
638 2094 751 2165 militis,
774 2093 811 2151 ad

140 2170 290 2235 Volusium
307 2172 451 2233 transferri
467 2193 605 2232 nomena
620 2172 740 2232 Valerio
751 2193 812 2233 non

138 2253 256 2337 potuisse
276 2275 286 2328 ;
305 2252 353 2314 sed
372 2254 482 2333 praedes
499 2253 671 2313 Valerianos
694 2256 813 2314 teneri:

139 2354 228 2418 neque
247 2334 278 2395 id
297 2351 357 2396 erat
381 2332 447 2393 H-S
468 2350 555 2406 xxx,
576 2352 607 2395 ur
621 2334 739 2406 scribis,
760 2333 812 2393 sed

139 2430 199 2477 xlx.
220 2414 291 2475 Erat
308 2417 386 2475 enim
399 2414 483 2473 nobis
501 2433 597 2473 curata
612 2418 734 2493 pecunia
748 2413 813 2473 Va·

138 2494 194 2556 lerii
206 2497 349 2575 mancipis
368 2497 486 2554 nornine
504 2515 511 2552 ε
530 2513 566 2553 ex
591 2516 648 2575 qua
668 2496 811 2575 reliquum

138 2577 210 2656 quod
233 2591 325 2650 erat,
350 2577 379 2635 in
402 2574 560 2635 rationibus
579 2576 673 2635 retuli.
691 2574 748 2635 Sed
770 2577 811 2633 sic

139 2675 179 2719 me
196 2658 230 2719 &
250 2656 424 2718 liberalitatis
444 2654 532 2714 fmlln
551 2657 646 2734 privas
664 2700 674 2728 ‚
692 2656 723 2715 ὃ(
744 2656 812 2714 dili-

137 2740 256 2820 gentian,
277 2736 308 2796 &
325 2736 425 2817 (quod
439 2737 557 2795 minime
574 2754 671 2796 tamen
683 2733 811 2814 laboro)

135 2818 287 2880 mediocris
303 2821 389 2877 etiarn
410 2817 578 2896 prudentiae.
599 2817 810 2885 Liberalitatis,

134 2900 208 2979 qu'od
231 2899 324 2959 mavis
338 2896 435 2959 scribae
459 2899 518 2958 mei
533 2896 700 2967 beneficio,
722 2893 810 2974 quim

132 2999 217 3056 neo,
238 2978 367 3061 legatum
385 2998 482 3038 meum
500 2977 720 3057 praefellumque
743 2991 810 3029 rna·
828 3019 830 3026 Α

92 3129 94 3134 ,
129 3061 206 3125 xima
225 3059 388 3123 calamitate
403 3058 536 3134 levatos,
555 3078 644 3141 quum
656 3052 812 3138 praesertim
