2184 3975
291 489 370 586 ‘360
411 462 820 556 'Errsrornrun

290 608 358 744 ssia
379 601 514 665 vivimus.
539 599 615 660 Mihi
641 600 666 658 si
685 597 808 679 spatium
834 594 923 660 fuerit
947 599 975 662 in

323 682 489 745 usculanum
510 699 576 741 ante
600 678 700 740 Nonas
720 679 888 753 veniendi,
920 679 975 742 istic

287 781 319 826 te
338 764 467 826 videbo:
487 764 531 822 sin
553 763 670 835 minirs,
688 758 844 842 persequar
864 763 896 819 in
917 758 975 822 Cu·

287 865 429 918 manum;
456 845 490 904 &
513 845 579 903 ante
600 857 630 902 te
657 842 813 903 certiorem
839 838 970 923 faciant,

290 932 323 988 ¹ut
338 926 445 988 lavatio
465 940 564 1005 parata
580 924 626 983 sit.

405 1052 582 1116 thutto
624 1048 856 1115 vinnom.

285 1190 419 1241 αυλις
429 1202 459 1235 ex
470 1183 589 1250 Africano
599 1183 663 1234 bello
672 1183 801 1233 ‘adrentum
819 1182 932 1244 nuntiat,
948 1183 971 1235 ἃ

324 1259 384 1309 belli
400 1258 478 1307 civilis
492 1254 584 1322 causam
599 1257 624 1307 in
639 1256 775 1322 Pompeium
784 1257 889 1323 potiris,
905 1258 970 1324 quiin

324 1332 350 1382 in
372 1328 483 1397 Caesarem
499 1328 600 1394 confert.
624 1329 754 1379 Varronem
771 1345 849 1379 autem
862 1331 967 1389 laudat.

323 1405 387 1471 qubd
401 1404 428 1469 se
446 1403 476 1453 ab
493 1402 564 1452 armis
579 1402 612 1466 mi
622 1402 702 1465 studia
712 1436 722 1459 ,
744 1403 812 1468 quasi
836 1419 852 1450 a
870 1399 969 1471 tempes-

289 1491 291 1496 ·
321 1491 373 1528 tare
397 1477 422 1526 in
436 1492 551 1550 ponunt,
566 1475 702 1527 cumularit.
721 1475 794 1525 Anno
812 1473 847 1527 U.
864 1479 893 1529 c.
911 1493 967 1543 7⁰7·

287 1576 573 1708 &salmurus
596 1645 701 1713 noster
716 1665 765 1708 me
786 1648 843 1707 tuis
868 1646 964 1710 verbis

285 1726 464 1802 admonuit,
490 1745 523 1789 ut
546 1727 699 1789 scriberem
719 1728 755 1786 ad
776 1744 807 1788 te
818 1729 876 1802 ,si
898 1727 964 1811 quid

283 1804 355 1867 ‘esset
376 1809 457 1893 quod
474 1825 608 1897 putarem
624 1825 653 1869 te
669 1807 737 1868 scire
756 1825 906 1888 oportere.
918 1805 964 1868 Est

283 1889 372 1968 igitur
391 1888 533 1951 adventus
553 1887 695 1962 Caessris,
715 1887 845 1962 scilicet,
861 1891 964 1949 inex-

283 1965 487 2048 speslatione3
512 1989 608 2049 neque
635 1986 666 2029 tu
691 1968 721 2028 id
752 1971 879 2055 ignoras.
907 1967 963 2031 Sed

283 2065 405 2123 tamen,
424 2069 512 2131 quum
529 2050 579 2113 ill'e
597 2048 766 2130 scripsisset,
786 2066 820 2110 ut
838 2053 960 2131 opinor,

282 2125 313 2189 'se
333 2131 362 2188 in
386 2129 518 2189 Alsiense
537 2148 714 2203 venturum,
739 2128 909 2210 scripserunt
927 2131 960 2190 ad

281 2224 350 2267 eum
370 2207 434 2282 sui,
452 2229 489 2268 ne
504 2208 535 2267 id
550 2209 674 2271 faceret:
690 2210 798 2271 multos
815 2215 844 2271 ei
859 2210 960 2272 moles·

281 2304 328 2346 tos
346 2287 431 2358 sore,
453 2288 604 2373 ipsumque
623 2291 736 2352 multis:
757 2288 849 2352 Ostiae
868 2293 958 2353 videri

279 2369 465 2428 commodius
486 2390 555 2431 eum
572 2374 649 2432 exire
664 2369 752 2453 polle.
773 2371 808 2431 ld
826 2392 884 2454 ego
899 2392 958 2434 non

277 2450 476 2532 intelligebam
506 2452 575 2532 quid
600 2450 752 2513 interesset.
776 2451 836 2513 Sed
858 2468 957 2514 tamen

277 2527 390 2592 Hirtius
415 2532 486 2593 mihi
507 2532 598 2605 dixit,
626 2533 658 2599 &
682 2531 710 2593 se
740 2531 777 2591 ad
810 2553 904 2608 eum,
926 2534 957 2594 &

276 2608 398 2679 Balbum
411 2656 423 2685 ,
439 2612 471 2669 ὃ(
482 2610 619 2693 Oppium
630 2610 784 2691 scripsisset
798 2630 832 2673 ut
849 2617 889 2674 im
909 2613 955 2674 fu·

274 2709 381 2770 cerer.
408 2691 567 2763 hominos,
591 2710 623 2752 ut
644 2696 798 2773 cognovi,
825 2712 952 2763 amantes

273 2773 325 2831 tui.
347 2771 415 2831 Hoc
438 2790 495 2829 eoo
515 2771 621 2833 idcirco
643 2772 722 2833 nolle
741 2792 770 2834 te
792 2775 897 2850 volui,
923 2790 952 2835 ut

271 2850 386 2925 scires,
419 2820 573 2929 hospitium
598 2851 650 2911 tibi
674 2854 723 2912 ubi
745 2876 884 2934 parares,
904 2854 951 2916 vel

271 2933 370 3011 potius
385 2929 549 3010 utrobique.
566 2929 650 3009 Quid
666 2936 744 2993 enim
757 2935 807 2995 ille
830 2935 950 2997 facturus

271 3013 327 3089 sit,
340 3015 481 3074 incertum
497 3010 555 3075 est:
575 3013 608 3079 &
623 3015 708 3077 simul
721 3012 872 3095 ostentavi·
881 3017 949 3089 tibi,

902 3116 949 3167 me
