2184 3975
292 493 346 578 '44
440 479 811 554 Enrsrorrnutr

292 596 320 659 se
363 615 510 665 aratutum¹
524 619 591 657 cum
611 600 722 681 collega
738 630 752 672 ‚·
771 597 883 679 tibique
902 597 971 659 suc-¹

283 694 327 747 'ce'
348 699 430 738 urum
458 700 466 738 a
499 680 652 762 legemque
688 680 824 740 curiatam
861 679 971 739 consuli

290 756 358 819 serri
383 780 456 839 opus
479 757 535 820 esse
557 804 567 834 ,
596 757 706 821 necesse
728 780 788 825 ,non
808 755 889 818 esse:
915 758 971 833 se,

292 841 432 918 quoniam
454 850 491 900 e‘x
522 838 762 900 senatusconsulto
788 841 972 918 provinciam

291 911 436 991 haberem
467 920 531 1000 lege
552 918 692 980 Cornelii
710 920 861 998 imperium
884 919 973 984 habi-.

291 1010 386 1058 turum
407 1043 418 1073 ‚
443 999 540 1078 quo‘ad
558 1003 589 1058 in
607 1002 709 1061 urbem
731 996 880 1060 introisset.
905 997 967 1081 Ego

313 1079 361 1138 uid
380 1079 415 1137 ad
431 1095 459 1139 te
478 1094 596 1140 tuorum
615 1080 730 1162 quisque
747 1076 968 1140 necessariorum

291 1100 424 1229 scribat,
455 1160 585 1234 nesci03
615 1163 707 1222 varias
732 1157 787 1219 effe
814 1161 968 1239 opiniones

290 1239 445 1319 intelligo:
479 1239 541 1300 sunt
564 1244 613 1321 qui
635 1255 739 1321 putent
757 1236 837 1320 posse
856 1256 887 1299 te
908 1261 965 1299 non

290 1318 462 1391 decedere,
488 1320 570 1398 quod
599 1323 661 1381 sine
688 1319 753 1400 lege
783 1322 890 1384 curiata
916 1321 965 1380 tibi

291 1397 478 1471 succedatur3
494 1398 677 1473 somenam,
695 1400 767 1479 qui,
783 1401 807 1458 si
826 1399 966 1472 decedas,

290 1500 310 1539 a
328 1495 357 1540 te
375 1479 497 1559 relinqui
519 1478 599 1560 posse
618 1483 666 1561 qui
684 1480 843 1558 provinciae
863 1483 968 1559 praesits

208 1560 210 1565 ’
292 1558 369 1618 Mihi
383 1579 442 1617 non
457 1576 516 1619 tam
530 1561 567 1618 de
583 1557 646 1635 jure
661 1573 772 1618 certum
785 1556 827 1617 est
842 1557 966 1640 (quam-

291 1651 377 1719 quam
399 1654 435 1696 ne
457 1637 487 1696 id
512 1639 630 1718 quidem
650 1638 736 1698 valde
755 1638 965 1719 dubiumlesl)

292 1718 381 1800 quint
402 1717 473 1778 illud
493 1718 529 1776 ad
551 1736 630 1778 tuam
646 1716 785 1777 summam
805 1719 966 1798 amplitudi⁴

291 1819 378 1869 nem,
396 1797 586 1878 dignitatem,
600 1798 782 1870 libertatem,
797 1799 854 1879 quai
869 1815 902 1858 te·
912 1799 966 1860 scio

288 1877 477 1937 libentissime
493 1877 549 1937 frui
563 1878 671 1952 solere,
685 1880 845 1957 pertinere,
861 1897 890 1939 te
905 1883 963 1940 sine
988 1888 1009 1919 ’ἒ

291 1956 349 2015 ulla
372 1977 454 2016 mora
479 1959 659 2037 provinciam
685 1957 833 2019 successori
857 1979 964 2021 conce·
1008 1960 1009 2024 ἦ

290 2037 392 2110 dere,
422 2037 577 2117 praeserrim
603 2060 693 2120 quum
719 2043 781 2099 sine
809 2038 965 2119 suspicione
1008 2039 1009 2072 ³

289 2131 347 2177 tuae
370 2118 529 2197 cupiditatis
551 2136 613 2193 n'on
639 2123 730 2200 possis
751 2121 824 2179 illius
849 2122 964 2199 cupidi·
1008 2151 1009 2156 ¹

291 2215 380 2257 tatem
415 2196 549 2259 refutare.
570 2197 646 2280 ‘Ego
680 2217 831 2280 utrumque
867 2219 963 2261 meum

290 2293 363 2358 puto
384 2273 463 2349 elle,
484 2278 517 2338 &
540 2280 609 2359 quid
632 2278 768 2353 sentiam,
786 2278 963 2355 ostendere,

290 2357 323 2417 &
341 2358 421 2436 quod
438 2358 561 2431 seceris,
580 2358 745 2420 defendere.
850 2410 852 2413 ,
999 2361 1009 2428 -J

326 2434 437 2517 Scripti
454 2434 511 2515 jam
529 2437 650 2518 epistoli
667 2438 812 2519 superiore
832 2482 843 2511 ‚
866 2441 964 2520 accepi
978 2453 982 2460 '
998 2457 1009 2508 22

286 2532 352 2577 ruas
368 2517 474 2579 litteras
494 2518 530 2577 de
549 2520 727 2599 publicanis3
749 2520 963 2659 quibusaeqpi-
1007 2569 1009 2584 ,

290 2613 380 2656 tatem
399 2614 478 2657 tuam
494 2620 554 2658 non
573 2601 656 2680 potui
674 2622 733 2659 non
752 2599 885 2678 probare.
927 2619 963 2660 e-
1007 2599 1009 2674 l

287 2674 396 2737 licitare
421 2679 564 2758 quidem,
588 2680 696 2739 vellem
714 2723 723 2751 ‚
744 2677 879 2760 consequi
903 2700 966 2759 po·
999 2701 1009 2724 -’

205 2800 206 2803 ¹
250 2821 256 2832 ¹
289 2755 412 2832 tuisses,
436 2777 474 2818 ne
500 2755 561 2835 ejus
581 2758 715 2829 ordinis,
741 2772 828 2837 quem
852 2758 964 2839 semper
1006 2711 1009 2812 i

288 2836 415 2909 ornasti,
439 2857 500 2897 rem
520 2854 568 2896 aut
589 2838 770 2898 voluntatem
789 2835 963 2899 offenderes.
999 2815 1009 2908 :i

287 2915 429 2997 Equidem
447 2938 506 2975 non
522 2917 651 2976 desinam
672 2938 720 2978 tua
735 2918 851 2977 decreta
864 2917 964 2979 defen·
984 2953 1009 2984 ,s

288 2996 388 3070 dere3
415 2996 464 3057 sed
491 2994 564 3057 nosti
593 2998 829 3059 consuetudinem
862 2998 964 3059 homi-
1002 3031 1006 3040 ·
