2184 3975
285 505 355 573 Ar>
370 503 693 575 Farrrrramrn.
712 500 776 570 VI.
814 521 861 596 33
867 519 891 595 5

205 615 334 678 maximi
360 612 571 688 succensebat,
600 635 667 673 cum
688 613 796 675 summa
815 616 891 677 illins

204 698 347 780 dignitate
358 693 484 756 restituit.
496 693 572 774 Quo
582 698 668 775 igitur
676 695 736 754 haec
744 694 889 776 spernant?

206 775 320 839 Rerum
335 777 392 837 hoc
408 793 508 837 natura
526 776 558 835 &
579 778 706 835 civilium
724 793 890 856 temporum

204 878 267 918 non
289 860 414 939 parietur
433 874 445 930 3
462 874 517 916 uec
541 875 686 928 manens,
709 876 762 915 nec
783 875 890 917 mutata

203 939 281 999 ratio
299 937 393 1011 feret,
414 937 539 1016 primum
551 954 659 997 utnon
677 938 707 994 in
728 935 809 995 causa
826 938 887 1016 pari

203 1017 312 1079 cadem
330 1020 367 1078 sir
391 1017 423 1077 &
446 1017 597 1088 conditio,
626 1017 658 1076 ἃ
681 1015 796 1076 fortuna
820 1037 891 1075 om·

203 1100 285 1159 nium
304 1118 312 1157 ε
334 1097 462 1172 deinde,
480 1112 513 1158 ut
532 1097 562 1156 in
579 1115 644 1157 eam
660 1098 806 1156 civitatem
819 1097 891 1158 boni

203 1180 259 1238 viri
269 1178 303 1240 &
316 1178 389 1238 boni
398 1180 475 1238 circs
488 1222 497 1251 ,
515 1177 594 1238 nulla
603 1178 760 1258 ignominii
771 1179 886 1249 norati,

203 1278 263 1319 non
282 1275 482 1332 revertantur,
497 1260 527 1317 in
548 1277 633 1339 quam
650 1274 695 1318 tot
710 1256 888 1318 nefariorum·

204 1337 345 1401 scelerum
365 1337 553 1401 condemnati
575 1356 763 1398 reverterunt.
785 1336 885 1397 Habes

204 1421 357 1503 augurium
375 1436 472 1478 meum
486 1437 496 1491 ;
511 1436 592 1498 quo,
611 1421 634 1478 si
655 1417 724 1498 quid
739 1417 888 1476 addubita-

203 1517 290 1574 rem,
310 1516 372 1560 non
390 1500 487 1579 poriirs
505 1515 619 1572 urerer,
637 1497 723 1577 quim
739 1497 788 1556 illa
809 1517 888 1555 con·

201 1576 366 1653 solatione,
384 1579 442 1660 qui
456 1579 540 1638 facili
558 1578 663 1639 fortem
674 1579 769 1637 virum
781 1573 888 1638 susten·

202 1664 329 1721 tarem:
355 1677 411 1733 re,
433 1660 458 1718 ni
486 1659 635 1739 explorati
662 1655 781 1718 viilorii
807 1676 885 1717 arma

202 1737 364 1822 firmpciffes
388 1760 443 1821 pro
465 1739 614 1820 republica
634 1737 699 1818 (ita
721 1740 799 1797 enim
822 1753 884 1800 runa

203 1822 326 1901 putabas
337 1819 352 1918 >
365 1839 425 1880 non
435 1821 520 1881 nimis
536 1819 593 1880 effe
609 1818 783 1878 laudandum
800 1835 807 1874 t
824 1819 883 1891 sin,

201 1919 322 1986 proptor
339 1918 464 1961 incertos
487 1902 579 1960 exitus
598 1899 773 1979 eventusque
786 1897 885 1957 bello-⁶

202 2002 286 2060 mm,
305 1981 387 2065 poffe
407 1980 535 2044 accidere
549 2027 558 2055 ‚
570 1999 601 2039 ur
612 1983 811 2050 vinceremur,
825 2000 883 2061 pu-

202 2063 283 2130 taffes
297 2083 383 2135 inon
399 2061 505 2128 debere
522 2080 552 2122 rc
568 2062 606 2121 'ad
625 2060 778 2123 fecundam
793 2059 886 2123 forms
909 2063 913 2070 ’

201 2162 266 2203 nam
286 2145 364 2204 irene
381 2160 510 2222 paratum
534 2140 613 2202 fuiffe
626 2187 635 2212 ,
650 2140 797 2203 adversam
809 2140 884 2205 ferre

200 2224 280 2286 nullo
313 2223 406 2284 modo
436 2220 527 2303 porse.
554 2222 738 2302 Disputarem
767 2224 884 2298 eriam,

200 2320 310 2385 quanto
334 2302 436 2364 solario
457 2301 509 2362 ribi
534 2300 705 2364 conscientia
730 2306 770 2363 tui
792 2300 880 2375 fam,

202 2402 358 2465 quanraeve
383 2382 567 2454 deleciationi
594 2385 624 2441 in
643 2384 727 2443 rebus
755 2382 884 2443 adversis

199 2462 299 2526 litterae
310 2461 369 2526 esse
381 2462 528 2523 deberem.
540 2460 812 2524 commemorarem
823 2481 883 2524 non

201 2544 292 2608 solum
308 2560 465 2615 veterum,
482 2542 531 2606 sed
547 2542 652 2603 horum
672 2546 758 2602 etiam
774 2562 880 2602 recen-

200 2627 269 2686 u'urn
292 2623 343 2686 vel
369 2624 500 2699 ducum,
529 2622 578 2683 vel
596 2625 735 2686 comitum
761 2638 878 2682 tuorum

202 2707 386 2786 gravissimos
403 2701 491 2766 casus.
508 2701 602 2764 Etiam
623 2722 757 2763 externos
773 2703 880 2761 multos

201 2785 290 2847 claros
307 2786 388 2845 viros
409 2787 597 2846 nominarem.
616 2783 706 2844 Levat
726 2783 803 2842 enim
825 2781 880 2839 do-

202 2864 291 2927 lorem
308 2869 470 2925 communis
487 2866 567 2944 quasi
586 2863 656 2944 legis
670 2908 679 2935 ‚
694 2864 726 2922 8(
746 2864 887 2920 numana*

203 2946 374 3007 conditionis
385 2945 557 3006 recordatio.
572 2942 756 3023 Exponerem
770 2943 878 3010 etiam,

203 3023 445 3107 quemadmodum
460 3025 524 3101 hic,
545 3024 576 3085 &
594 3041 700 3107 quanta
721 3025 751 3081 iu
773 3018 876 3094 rurba,
