2184 3975
191 495 271 580 ¹392
340 482 783 551 Εριεῑοιικυπκ.

191 598 291 669 dicio,
312 613 361 658 aut
382 593 544 658 concioni?
569 591 655 672 Quin
682 590 745 677 ipsa
759 592 858 673 'judicia
907 578 913 649 ἰ

190 698 251 736 non
274 677 398 738 solemus
419 678 515 737 omnia
539 674 744 737 tractarenon
770 675 861 734 modoa
912 686 913 691 ’

191 754 319 818 Privatas
340 756 457 829 causas,
484 756 518 815 δι
538 774 587 815 eas
610 775 737 829 tenues,
764 758 860 838 agimus

192 835 343 909 subtilibs3
363 859 395 896 ca
417 839 484 909 itis,
503 852 552 895 aut
573 835 680 909 fama,
700 836 810 896 scilicet
823 857 861 894 or·

194 917 286 976 natibs
305 938 312 976 ε
343 859 476 997 epilolas
491 917 565 977 verb
585 916 763 996 quotidianis
780 915 863 976 verbis

194 1013 294 1057 texere
320 995 452 1058 solemus.
473 995 532 1056 Secl
554 1013 682 1070 tamen,
710 999 758 1055 mi
775 995 865 1068 Paete,

196 1076 267 1156 quid
286 1078 339 1138 tibi
363 1081 444 1139 venit
467 1079 497 1135 in
517 1092 648 1136 mentem
669 1084 805 1158 negare,
818 1076 866 1134 Pa-

195 1159 300 1296 pierium
324 1177 499 1238 quemquam
524 1164 664 1236 umquam
684 1159 781 1230 ‚ruisi
809 1156 867 1237 ple-

189 1298 194 1303 ,
236 1240 295 1296 ium
315 1234 394 1297 fuiffe
411 1236 423 1296 l
442 1236 565 1300 'buerunt
580 1256 666 1297 earm
685 1239 801 1316 patricia
816 1256 868 1295 tm·

197 1336 303 1376 norum
334 1320 495 1399 gentium,
521 1336 645 1397 quorum
680 1320 817 1398 princeps
840 1316 869 1374 L

198 1396 327 1477 Papirius
351 1397 553 1480 Mugillanus,
574 1401 623 1478 qui
641 1397 830 1456 censorem
841 1397 870 1455 1„

199 1476 377 1558 Sempronio
391 1480 524 1538 Atratino
538 1476 611 1552 fnit,
624 1484 716 1557 quum'
734 1479 802 1539 anth
814 1494 871 1536 con·

200 1556 244 1618 sul
265 1579 330 1618 cunr
355 1559 461 1618 eodem
480 1555 595 1628 fuisset,
620 1560 703 1617 annis
728 1555 800 1638 post.
811 1556 871 1617 llo-

199 1658 280 1698 mam
304 1639 450 1705 conditam
470 1655 600 1699 cccxu.
621 1637 682 1699 Sed
696 1655 763 1698 tum
780 1636 873 1717 Papisii

199 1718 384 1780 dicebamini.
409 1716 474 1779 Post
493 1719 585 1792 hunc,
605 1717 749 1778 tredecim
768 1716 874 1778 fuenn

200 1797 270 1892 felli
294 1801 384 1892 curuli
404 1817 470 1859 ante
496 1797 698 1878 L.'Papitium
722 1795 875 1871 Graiium,

197 1877 877 2039 ‘Eudil'laliblmgutrllalilsllasapierlo'ffirlelislllli

201 2036 288 2178 {istro
319 2042 473 2119 equitum,
497 2037 653 2104 facinsest
673 2061 693 2111 ,··
713 2044 796 2099 annis
819 2037 878 2118 poll

233 2140 329 2178 ornam
352 2121 497 2179 conditam
514 2138 669 2191 ccccxv,
686 2118 715 2176 &
734 2121 877 2199 quadrien·

201 2204 251 2256 nio
281 2198 344 2277 post
368 2200 464 2258 consul
492 2222 558 2259 cum
587 2198 627 2259 C.
654 2199 771 2259 Duilio.
799 2201 876 2259 Hunc

201 2276 311 2337 secutus
337 2277 377 2338 est
399 2278 525 2354 Cursor,
548 2280 640 2339 bomo
654 2279 746 2339 valde
760 2280 878 2340 honora-

202 2375 275 2417 tus:
309 2358 416 2419 deinde
441 2360 473 2419 L.
505 2360 598 2420 Mallo
615 2405 627 2434 ,
644 2360 801 2420 aedilitius:
816 2360 877 2419 inde

203 2437 288 2498 multi
310 2438 477 2500 Mallones:
492 2461 616 2519 quorum
635 2440 758 2519 quidem
775 2460 807 2501 tu
821 2460 880 2499 om-

203 2520 285 2577 nium
307 2523 490 2600 patriciorum
514 2523 574 2580 ima
593 2522 654 2579 ines
673 2520 786 2581 habeas
804 2522 880 2580 volo.

202 2597 323 2660 Deinde
345 2599 514 2673 Carbones,
529 2602 561 2661 &
578 2629 582 2662 :
611 2599 675 2661 urdi
691 2600 880 2681 insequuntur.

128 2754 129 2758 Ἰ
205 2678 248 2739 Hi
265 2680 372 2759 plebeii
386 2680 520 2754 fuerunt,
540 2702 614 2760 quos
632 2700 805 2743 contemnas
819 2698 879 2739 cen·

85 3319 185 3506 a:

204 2759 266 2821 seo.
295 2761 371 2820 Nam
397 2780 500 2841 praeter
522 2762 598 2822 hunc
623 2758 666 2820 C.
692 2759 879 2832 Carbonem,

206 2861 295 2921 quem
312 2840 508 2921 Damasippus
524 2840 653 2913 occidit,
674 2844 749 2901 civis
766 2862 785 2901 c
803 2862 877 2920 repu-

205 2922 279 2982 blica
301 2920 469 2981 Ca-rbonum
488 2942 576 2981 nemo
596 2921 659 2981 fuit.
682 2919 878 3003 Cognovimus

208 2999 266 3064 Cn.
292 3000 490 3075 Carbonem,
522 2999 642 3082 &ejus
666 2999 786 3064 fratrem
806 3001 878 3062 scut·
