2184 3975
285 503 360 578 A„
377 506 640 583 &sumnus
655 505 747 581 [ιε.
760 508 807 579 II.
839 528 892 606 57

198 619 292 696 uita,
322 634 390 689 uon⁴
418 619 520 687 dubiro
551 623 621 705 quin
650 625 771 706 cogites,
801 622 890 700 Sed,

200 703 314 773 amabo,
335 720 398 779 te,
427 723 493 781 eura
517 699 549 763 &
575 707 672 786 cogita
697 705 766 764 nihil
789 707 890 782 novi,

200 784 245 845 sed
263 783 342 845 illud
355 782 456 858 idem,
474 783 555 864 quod
569 786 652 847 initio
664 784 777 865 scripsi:
789 802 890 849 tecum

199 865 210 926 l
249 884 324 927 uere
350 908 361 938 ,
386 881 419 929 tc
437 863 553 932 ,adhibe
587 869 617 927 in
654 866 834 941 consilium,
858 886 889 930 te

201 967 235 1007 au
255 949 284 1022 ⁴,
311 945 376 1011 tibi:
390 943 571 1027 obtempera.
600 946 696 1007 Alteri
715 949 765 1027 qui
786 949 892 1022 melius¹

203 1026 268 1087 dare
288 1025 459 1095 ‚consilium
490 1030 610 1105 possit,
638 1027 726 1108 quim
749 1043 804 1102 tu,
829 1049 890 1091 non

204 1103 284 1177 facile
304 1108 433 1173 inveniri
444 1105 564 1246 potest:
581 1108 634 1168 tibi
650 1108 723 1170 vero
739 1109 794 1188 ipsi
812 1110 894 1185 certe

204 1208 291 1267 nemo
313 1186 421 1248 melius
466 1187 532 1248 abit.
561 1187 614 1247 Dii
628 1189 825 1250 immortales!
840 1211 891 1251 cur

205 1289 258 1352 ugo
272 1282 342 1330 tlon
362 1259 464 1327 adsum
478 1268 529 1330 vel
543 1267 682 1350 spesdatot
697 1269 816 1330 laudum
830 1289 894 1330 rua-

204 1370 290 1424 rum,
311 1346 366 1412 vel
383 1350 548 1445 particeps,
565 1350 614 1411 vel
633 1350 747 1433 socius,
765 1352 815 1415 vel
835 1355 892 1413 mi·

205 1428 295 1492 nister
310 1430 502 1503 consiliorum
520 1429 532 1489 ἒ
560 1434 675 1492 tametsi
691 1433 748 1492 ho'c
769 1433 891 1495 minime

206 1504 259 1573 ribi
271 1508 377 1584 deest}
392 1508 449 1594 sed
458 1527 559 1571 tamen
577 1510 705 1588 efficeret
720 1515 892 1594 magnitudo

208 1592 300 1666 &vis
319 1594 426 1655 amoris
446 1595 527 1665 mei,
543 1594 666 1653 consilio
683 1612 714 1654 te
730 1609 762 1653 ut
779 1591 892 1674 possem

208 1669 318 1754 juvare.
331 1671 466 1754 'Scribam
489 1674 525 1733 ad
541 1691 574 1734 te
592 1675 674 1754 plura
690 1675 775 1734 aliis:
791 1679 891 1754 paucis

210 1757 287 1815 enim
319 1754 432 1827 diebus,
454 1773 546 1814 eram,
560 1752 689 1814 missurus
717 1753 893 1816 domesticos

210 1834 395 1911 tabellarios5
412 1851 468 1908 ut,
490 1838 629 1915 quoniam
645 1833 710 1894 sani
725 1834 895 1907 feliciter&

213 1935 250 1976 ex
267 1935 337 1976 mea
352 1915 490 1977 sententia
507 1915 716 1998 rempublicam
737 1921 897 1999 gessimus,

215 1999 277 2060 unis
301 1990 402 2059 litteris
429 2000 521 2057 totius
545 1996 645 2058 aestatis
672 2016 718 2059 res
744 1996 833 2081 gestas
857 2002 895 2060 ad

213 2079 341 2141 senatum
356 2076 573 2160 perscriberem.
594 2078 645 2138 De
661 2074 822 2139 sacerdotio
842 2098 896 2142 tuo

250 2177 350 2221 antam
368 2179 466 2220 curam
483 2159 663 2219 adhibuerim
682 2205 692 2234 ,
720 2180 896 2241 quamquam

221 2244 239 2312 ,’
273 2242 322 2301 cili
343 2242 374 2300 in
395 2259 426 2301 re
450 2256 536 2320 atque
558 2239 659 2314 causa,
684 2240 841 2323 cognosces
857 2263 897 2304 eu

214 2323 246 2383 iis
265 2322 394 2395 litteris,
417 2342 488 2403 quas
507 2318 673 2395 Thrasoni,
695 2322 798 2392 liberto
821 2342 898 2399 tuo,

214 2402 292 2476 dedi.
312 2400 383 2476 Te,
402 2404 443 2461 mi
466 2400 578 2477 Curio,
595 2424 650 2483 pro
672 2419 721 2463 tua
737 2405 900 2480 incredibili

214 2485 242 2544 in
259 2503 310 2548 me
327 2482 558 2557 benevolentia,
586 2503 708 2562 meaque
729 2486 801 2544 item
818 2489 848 2544 in
867 2503 899 2559 te

216 2564 381 2647 singulari,
409 2584 484 2646 rogo
512 2581 599 2643 atque
625 2585 701 2636 oro,
726 2585 763 2625 ne
789 2568 899 2646 patiare

217 2645 378 2727 quidquam
391 2645 463 2705 mihi
477 2645 519 2715 ad
529 2646 602 2704 hanc
614 2646 822 2725 provincialem
833 2666 901 2705 mo·

217 2725 330 2788 lelliam
340 2730 479 2807 temporis
490 2728 652 2807 prorogari.
665 2724 790 2787 Praesens
801 2744 902 2787 tecum

219 2809 288 2889 egi,
309 2826 401 2888 quum
419 2803 460 2869 te¹
471 2808 617 2869 tribunum
642 2807 734 2888 plebis
751 2806 803 2867 isto
824 2826 901 2866 anno

219 2886 282 2956 sore
303 2906 368 2947 nou
384 2905 534 2967 putarem
551 2891 678 2969 itemque
696 2890 788 2970 petivi
801 2884 902 2967 saepius

291 2967 422 3043 litteras3
436 2968 485 3031 sed
500 2986 564 3031 tum
577 2972 658 3051 quasi
676 2992 693 3029 a
707 2969 836 3030 senatore
852 2988 907 3029 uo·

220 2987 398 3144 lillissimo,
422 3049 651 3158 &adolescente
672 3047 877 3135 gratiosissimo
896 3092 909 3129 ,

709 3125 818 3200 'Cu

899 3285 1012 3520 ,(-
