2184 3975
277 519 357 615 406
430 519 805 585 ΕΡιετοιΑκυΜ

279 653 309 694 te
326 631 409 703 fieri,
431 644 570 710 quantum
588 628 675 705 ipsius
698 625 729 684 ὃ(
747 624 914 684 humanitas
936 622 966 682 &

277 714 402 795 dignitas
413 707 565 791 postulat,
581 727 636 766 nec
653 708 764 778 tnitor,
779 705 812 763 &
825 704 946 847 gaudeo
954 723 964 779 3

277 811 366 873 teque
386 792 444 850 hoc
469 787 628 851 existimate
647 787 743 859 volo,
772 786 823 865 qui
846 785 923 866 quid
936 785 964 842 in

277 876 347 932 eum
370 870 469 950 judicii
491 867 637 950 officiique
658 865 846 940 contuleris,
874 864 906 924 id
925 865 964 922 ita

278 972 329 1012 me
351 953 412 1011 acci
434 970 505 1023 ere,
532 951 612 1009 utin
630 945 774 1028 meipsum
801 965 833 1009 te
861 961 963 1027 putem

279 972 441 1094 contulitd’.
461 1029 548 1090 Vale.
627 1043 632 1049 ·

382 1163 786 1228 c1c-tnoPunco
823 1162 857 1226 S.

277 1332 437 1390 Excusat,
457 1330 519 1397 quid
535 1329 561 1380 in
573 1325 680 1396 senatum
697 1328 731 1377 ad
744 1330 860 1395 agundam
875 1327 976 1379 Planci

311 1403 405 1472 causam
424 1422 471 1467 non
487 1403 597 1461 venerit,
614 1403 638 1451 t>
656 1398 737 1467 officia
749 1399 796 1467 sita
812 1403 838 1464 in
854 1403 912 1453 aliis
928 1419 963 1454 re·

289 1477 354 1539 [bus
373 1477 513 1546 pollicetur.
532 1477 606 1526 Anno
626 1473 660 1526 U.
683 1476 712 1525 C·
733 1491 791 1539 7⁰9·

280 1685 309 1724 2.
321 1593 397 1724 Μ
406 1682 490 1724 num
507 1663 751 1725 studiumhonoti
763 1681 820 1725 tuo
836 1684 892 1746 pto
909 1682 962 1724 ne·

279 1745 452 1805 cessitudine
479 1744 576 1805 nostra
597 1765 658 1804 non
683 1743 840 1817 defuisset,
869 1746 892 1803 si
915 1761 962 1805 aut

278 1827 343 1884 tutb
364 1828 393 1883 in
412 1824 541 1885 senatum
552 1849 571 1898 ‚·
584 1841 632 1884 aut
651 1823 769 1885 honeste
787 1827 890 1886 venire
907 1846 963 1905 po·

279 1903 400 1963 tuiffetn.
411 1905 469 1965 Sed
485 1925 538 1964 nec
559 1907 620 1965 sine
637 1907 768 1986 periculo
790 1904 961 1986 quisquam,

278 1984 368 2045 libere
389 1986 426 2045 de
446 1986 592 2066 republica
612 1983 757 2059 sentiens,
777 1986 883 2045 versati
902 2008 963 2066 po·

279 2063 332 2125 test
347 2068 376 2124 in
394 2066 504 2126 summa
521 2069 691 2146 impunitate
732 2066 874 2126 ladiotum
880 2086 890 2138 3
907 2086 961 2126 nec

266 2145 381 2217 ⁵nostrae
400 2147 545 2226 dignitatis
561 2146 673 2207 videtur
694 2087 769 2221 edie,
787 2148 826 2205 ibi
846 2146 961 2206 senten·

277 2228 346 2284 tiam
365 2226 402 2285 de
420 2227 568 2306 republica
583 2228 701 2301 dicere,
717 2228 766 2286 ubi
785 2246 833 2287 nte
851 2227 884 2286 ὃ(
901 2246 962 2287 me·

276 2305 329 2363 liits
352 2306 383 2364 ὃ(
401 2309 520 2385 propiits
538 2308 655 2366 audiant
673 2308 794 2379 armati,
815 2307 906 2387 quim
919 2307 962 2367 se·

277 2403 403 2445 natotes.
416 2385 607 2526 Quaffitoptet
620 2388 652 2445 in
663 2389 781 2467 privatis
796 2390 882 2447 rebus
897 2389 962 2447 nul·

276 2466 337 2525 lum
351 2486 444 2546 neque
459 2490 477 2527 o
510 2488 604 2541 ctum,
615 2487 652 2526 ne
675 2487 711 2527 ue
723 2467 846 2528 studium
861 2488 960 2531 meunt

278 2546 454 2606 desiderabis
475 2569 482 2606 :
513 2568 550 2607 ne
571 2549 600 2605 in
621 2489 741 2626 pudilicis
762 2549 912 2628 quidem,
936 2552 960 2609 si

277 2626 348 2707 quid
367 2629 420 2687 erit
435 2630 465 2686 in
485 2648 544 2708 quo
561 2648 608 2687 me
624 2626 754 2688 intereffe
769 2627 883 2688 necesse
902 2630 958 2701 sit,

276 2728 415 2787 umquam
434 2709 546 2779 deero,
561 2727 598 2767 ne
618 2729 683 2767 cum
696 2710 826 2788 periculo
840 2709 959 2790 quidem

275 2804 369 2860 meo,
391 2790 521 2868 dignitati
540 2806 604 2847 tuae.
626 2787 712 2848 iniis
735 2807 834 2849 autem
854 2791 957 2864 rebus,

279 2888 344 2949 quae
363 2869 565 2941 nihilominus,
585 2885 616 2927 ut
636 2888 692 2951 ego
714 2869 827 2944 absim,
855 2869 958 2930 confici

209 3004 214 3011 ,
278 2946 412 3027 potiunt,
423 2967 492 3027 peto
504 2970 520 3006 a
531 2964 578 3020 te,
594 2967 626 3008 ut
636 2969 683 3009 me
696 2951 837 3010 rationem
853 2951 957 3011 habete

274 3029 352 3089 velis
374 3028 406 3087 t&
419 3029 514 3089 salutis
524 3059 541 3104 ,··
554 3029 586 3089 &
606 3029 750 3111 dignitatis
772 3050 858 3092 meae.
873 3032 959 3093 Vale.
