2184 3975
234 500 304 571 An
316 501 541 572 FAMrzrrrr.
556 502 642 570 Lm.
657 506 698 573 V.
732 523 809 577 211.

141 611 243 694 podet,
261 636 323 677 non
342 617 478 698 adscripsi
500 617 554 689 id,
575 614 654 695 quod
672 615 722 676 tud
738 616 811 676 nihil

140 693 294 761 referebat:
326 716 384 779 ego
409 713 508 761 tamen
533 695 707 775 adscripsiffe
735 698 810 757 mal·

140 776 209 851 lem,
224 797 320 859 ¹quum
338 779 369 838 id
384 795 414 839 te
430 778 521 839 video
540 777 713 838 desiderare.
730 775 810 839 Sicut

140 854 225 917 scribis
250 857 305 918 tibi
332 859 364 919 id
393 857 450 921 effe
481 857 699 931 referendum,
730 857 811 919 idem

91 940 93 951 '
141 935 191 1015 ipse
219 935 344 1012 senti03
375 959 471 1021 neque
494 942 526 999 in
551 959 588 1000 eo
613 938 772 1019 quidquam
794 959 812 999 a

139 1020 202 1079 meis
221 1020 381 1080 rationibus
402 1019 604 1101 discrepabunt
620 1038 685 1080 tuae0
708 1017 815 1078 Addes

139 1098 208 1165 inim
228 1113 259 1158 tu
276 1142 288 1172 ,
304 1120 374 1162 meo
394 1098 489 1180 juffu,
513 1101 594 1182 quod
612 1119 670 1181 ego
691 1100 814 1179 quidem

139 1197 191 1240 non
210 1178 307 1241 addidi
326 1199 336 1254 3
364 1200 420 1243 nec
439 1180 521 1243 causa
541 1180 582 1241 est
604 1201 653 1240 cur
672 1199 780 1262 negem
800 1200 812 1254 ;

139 1278 214 1335 nec,
242 1262 267 1321 si
287 1258 387 1336 edet,
418 1262 451 1324 &
473 1278 505 1321 tu
523 1262 639 1334 nolles,
663 1280 814 1342 negarem.

140 1336 208 1399 Nam
228 1339 266 1402 de
288 1339 357 1402 H·S
374 1345 530 1424 nongentis
547 1342 671 1403 millibus
692 1385 702 1414 ,
733 1341 813 1402 certd

139 1421 174 1479 ita
193 1421 320 1481 relatum
340 1419 411 1497 est,
438 1441 470 1484 ut
486 1438 541 1496 tu,
565 1426 626 1483 sive
645 1421 733 1482 frater
748 1440 813 1483 tuus

139 1499 231 1561 referri
252 1502 356 1564 voluit.
377 1501 457 1579 Sed,
474 1505 499 1563 si
521 1500 673 1584 quidest,
694 1501 813 1582 quando

140 1580 170 1641 de
188 1583 278 1664 lugeo
303 1603 404 1663 parum
427 1602 540 1666 gratum
559 1580 627 1656 est,
652 1582 731 1661 quod
755 1602 815 1664 ego

139 1662 164 1721 in
181 1662 341 1724 rationibus
367 1663 525 1725 referendis
545 1665 633 1724 etiam
651 1682 728 1722 nunc
748 1684 816 1723 cor·

139 1744 225 1825 rigere
248 1745 361 1824 possim
371 1765 381 1817 ;
400 1745 436 1805 de
457 1765 495 1806 eo
507 1745 602 1819 mihi,
623 1763 711 1823 quum
730 1741 816 1803 sena·

139 1823 382 1885 msconsultonorr
400 1828 455 1886 sim
473 1824 559 1898 usus,
582 1825 651 1907 quid
671 1844 723 1904 per
734 1825 816 1906 leges

138 1904 246 1978 liceat,
276 1905 518 1967 considerandum
541 1904 606 1966 est:
633 1921 663 1965 te
686 1906 763 1965 certe
783 1907 815 1964 in

138 1988 257 2065 pecunia
275 1987 375 2049 'exada
394 1989 435 2049 ita
455 1984 556 2048 efferre
573 2008 609 2048 ex
630 1989 703 2046 meis
725 1989 819 2047 ratio·

139 2068 216 2130 nibus
236 2067 335 2129 relatis
353 2089 413 2128 non
433 2071 583 2149 oportuit,
607 2071 662 2126 nisi
679 2068 749 2147 quid
767 2088 816 2128 me

140 2145 237 2219 fillit3
269 2147 334 2209 sunt
360 2150 439 2209 enim
469 2148 517 2207 alii
548 2150 708 2229 peritiores.
740 2146 817 2208 Illud

140 2246 205 2289 tave
225 2227 365 2302 dubites,
386 2230 458 2309 quin
481 2248 538 2313 ego
565 2232 663 2288 omnia
682 2228 817 2305 faciam,

141 2329 199 2390 que
228 2307 365 2371 interesse
391 2308 465 2385 tud,
492 2326 540 2369 aut
567 2312 654 2370 etiam
681 2310 758 2370 velle
784 2326 817 2373 te

141 2388 298 2452 existimem
316 2434 326 2463 ,
354 2392 378 2451 si
396 2390 456 2449 ullo
471 2389 566 2451 facere
583 2390 676 2451 modo
696 2392 819 2469 possim.

91 2460 96 2484 ³
143 2469 230 2551 Quod
254 2468 352 2551 scribis
373 2470 410 2530 de
432 2470 613 2545 beneficiis,
640 2470 711 2529 scito
732 2493 750 2529 a
768 2491 818 2531 me

91 2550 97 2578 '
143 2549 327 2612 &tribunos
358 2551 513 2625 militares,
543 2551 575 2610 ὃ(
594 2549 766 2632 praefedos‚
785 2551 818 2610 δι

91 2700 100 2712 ,
144 2632 360 2694 contubernales
369 2632 516 2692 dumtaxat
525 2651 608 2691 meos
623 2632 733 2692 delatos
750 2630 820 2694 effe.

145 2707 247 2796 liquo
266 2712 386 2793 quidem
402 2716 474 2774 ratio
496 2733 543 2774 me
560 2711 678 2774 fefellit:
695 2712 817 2773 liberum

145 2794 214 2856 enim
243 2793 320 2856 mihi
347 2810 461 2873 tempus
496 2794 533 2853 ad
561 2814 613 2854 eos
643 2793 819 2854 deferendos

95 2873 103 2899 ³
145 2873 337 2936 uddimabam
367 2874 455 2934 dari:
488 2873 586 2957 postea
616 2877 722 2934 certior
755 2875 819 2931 sum

91 3007 104 3048 Χ

91 3090 103 3129 Ι

91 2959 93 2965 ’
143 2952 239 3032 irate,
251 2956 373 3049 triginta
385 2954 484 3016 diebus
500 2955 606 3016 deferri
619 2952 730 3014 neceffe
741 2949 820 3021 effe,

143 3038 237 3123 radus
264 3054 394 3100 tatrones
416 3035 580 3100 retulissem.
606 3035 679 3100 sane
700 3028 822 3094 molest}
