2184 3975
204 508 259 606 84
355 509 761 582 Errsronanrrn·

201 625 345 702 causam,
372 626 454 706 qubd
482 622 604 686 mirifici
629 622 691 686 sum
721 621 878 697 sollicitus}

201 708 339 788 quidnam
352 706 390 768 de
405 708 562 788 provinciis
577 705 756 768 decernatur.
775 704 878 763 Mirum

202 807 252 850 me
280 787 455 848 desiderium
482 801 564 848 tenet
589 786 666 846 urbis
685 824 697 862 ,
714 781 878 845 incredibile

201 888 366 943 meorum,
395 882 484 950 atque·
500 871 530 927 in
548 868 651 1005 primis
669 870 711 926 tui
732 879 744 939 ς
771 863 878 926 satiem,⁸

199 967 299 1010 autem
313 950 488 1029 provinciae:
505 967 546 1008 -ve
577 948 644 1026 quia
662 948 797 1009 videmur
819 964 878 1006 eam

201 1029 310 1091 famam
334 1027 498 1102 consecuti,
522 1044 645 1086 utnon
669 1044 730 1087 tarn
756 1024 878 1088 accessit

202 1108 380 1191 quaerenda,
406 1107 495 1190 quim
516 1106 634 1167 somma
650 1107 807 1170 metuenda
828 1109 865 1166 sit

123 1230 129 1238 ·
202 1191 252 1254 vel
270 1191 445 1271 quietorum
459 1190 689 1270 negotiumnon
708 1186 749 1249 est
768 1187 878 1269 dignun

201 1271 312 1333 viribus
325 1267 447 1344 nostris,
463 1272 513 1350 qui
527 1267 640 1346 maiora
650 1289 741 1330 onem
753 1270 785 1328 in
805 1286 878 1348 repe

204 1350 281 1413 blica
294 1347 435 1411 sustinere·
447 1350 480 1410 &
501 1352 668 1430 possimus,
683 1344 874 1410 &soleamus

202 1432 255 1499 ⁴vel
283 1435 351 1514 quia
380 1430 452 1493 belli
472 1428 685 1518 magni-timor.
709 1429 863 1510 impendet

204 1512 288 1596 quod
309 1512 444 1575 videmur
467 1508 596 1593 effugere
610 1526 630 1584 ,“
643 1513 673 1572 ἐἰ
691 1511 728 1570 ad
748 1508 878 1571 constitu·

205 1609 267 1655 tam
288 1593 366 1653 diem
383 1592 569 1652 decedemus.
580 1591 635 1651 -De
651 1591 825 1673 pantheris,
838 1610 878 1672 pe

206 1693 262 1735 cos
289 1677 337 1754 qui
358 1674 460 1735 venari
479 1671 573 1732 solent
595 1675 724 1754 ,agitur
752 1672 878 1732 mandat·

207 1774 279 1816 meo
294 1754 462 1837 diligenter:
476 1751 526 1813 sed
545 1754 618 1813 mira
631 1755 759 1833 paucitas
777 1751 838 1826 esi3
860 1753 878 1814 8

209 1855 280 1908 eas,
303 1855 367 1915 quae
389 1832 470 1906 sunt,
488 1832 575 1894 valde
594 1835 679 1894 aiunt.
692 1835 794 1914 queri,
812 1833 878 1914 quet

209 1915 282 1975 nilnl
303 1916 438 1996 cuiquam
459 1913 627 1973 insidiarum
641 1917 672 1974 in
690 1934 756 1975 mea
775 1916 878 1995 provin

209 1997 347 2069 cia„nisi
365 1996 436 2067 sibi,
457 1992 525 2054 fiat:
543 1996 639 2074 itaque
659 1993 831 2056 constituisse
849 1995 878 2057 di

208 2094 312 2138 cuntur
341 2078 372 2135 in
400 2074 517 2136 Cariam
545 2095 583 2136 ex
608 2074 713 2137 'nostra
745 2078 878 2157 provinci

207 2157 364 2218 decedere.
386 2155 445 2218 Sed
471 2172 570 2217 tamen
594 2155 695 2218 seduli>
720 2154 782 2229 fit,
810 2157 843 2217 δι
866 2160 877 2217 i

211 2240 312 2318 primis
331 2258 348 2296 a
363 2235 485 2297 Patisco.
502 2234 657 2316 Quidquid
672 2239 743 2311 erit,
755 2236 809 2297 tibi
825 2238 878 2299 erit

213 2317 284 2390 sed,
301 2317 370 2398 quid
385 2315 455 2378 esset
468 2316 569 2398 plane,
583 2317 789 2379 nesciebamus.
803 2318 878 2379 Mihi

211 2398 401 2473 mehercule,
419 2418 530 2479 magnae
546 2418 620 2459 curae
635 2397 677 2461 est
692 2399 812 2459 aedilitas
827 2396 878 2460 tua

213 2478 274 2557 ipsa
301 2479 363 2540 dies
389 2499 437 2539 me
466 2479 669 2541 admonebat:
694 2478 791 2560 scripsi
818 2482 878 2541 enit

214 2557 278 2619 haec
307 2562 376 2639 ipsis
402 2558 631 2642 Megalensibus.
667 2557 715 2619 Tu
741 2560 833 2622 velim
860 2583 878 2638 a

215 2657 266 2698 me
290 2638 326 2700 de
347 2642 427 2700 omni
448 2642 612 2721 reipublicae
630 2639 702 2701 statu
720 2640 808 2721 quim
826 2640 878 2701 dili

214 2720 381 2801 gentiesime
397 2720 574 2799 perscribas:
592 2742 628 2782 ea
644 2725 724 2783 enim
740 2723 878 2784 certissim

214 2799 349 2883 putabo,
372 2821 437 2883 quae
456 2819 493 2863 ex
512 2818 541 2865 te
561 2822 740 2886 cognovero.
760 2801 849 2869 vue.
