2184 3975
269 485 348 582 '386
419 436 792 555 Enterozanvnt

269 618 396 673 tamen,
425 620 514 680 quum
536 620 593 682 ego
615 601 660 661 vir
682 597 766 658 fortis
784 644 795 679 ,
815 600 951 681 idemque

268 680 479 762 philosophus,
499 683 600 741 vivere
617 679 843 760 pulcherrimum
863 681 952 755 duxi,

268 781 331 822 non
381 759 474 822 ossum
504 782 572 822 eum
601 783 661 820 non
692 759 844 843 dibgere,
874 760 953 839 eujus

267 843 346 903 bene
369 845 416 902 cio
443 841 474 902 id
494 841 665 902 consecutus
680 837 770 900 sum:
795 846 847 924 qui
861 844 889 900 si
900 852 952 902 eu-

269 924 331 1005 piat
346 921 414 984 vesse
443 923 680 1003 rempublieam,
697 922 818 1001 qualem
839 921 952 984 sonasse

273 1005 308 1065 δι
327 1005 374 1065 ille
394 1003 478 1077 vult,
497 1005 529 1064 &
551 1024 653 1063 omnes
671 1016 774 1082 optare
794 1002 953 1077 debemus3

271 1086 340 1166 quid
371 1083 484 1158 faciat,
511 1103 610 1144 tamen
638 1102 698 1142 non
727 1083 841 1144 habet:
861 1085 901 1144 ita
926 1085 953 1146 se

271 1185 338 1225 cum
359 1166 454 1224 multis
473 1165 630 1247 colligavit.
660 1161 719 1222 Sed
741 1163 860 1246 longibs
881 1186 955 1245 pro·

306 1245 409 1306 edior:
437 1243 530 1305 scribo
551 1246 629 1305 enim
651 1243 688 1303 ad
709 1259 749 1312 te.
767 1245 837 1304 Hoc
856 1264 954 1306 tamen

284 1328 363 1399 cito,
382 1346 442 1386 non
461 1326 554 1385 modb
573 1345 642 1398 me,
673 1326 724 1405 qui
743 1327 872 1386 consiliis
895 1348 954 1387 non

272 1406 432 1481 intersum,
459 1406 565 1467 sedne
585 1405 678 1487 ipsunt
699 1406 819 1484 quidem
831 1410 954 1486 ‚princi-

272 1507 342 1566 pem
358 1488 453 1559 scire,
474 1487 543 1570 quid
564 1485 690 1546 futurum
714 1488 761 1545 sit.
792 1485 857 1546 Nos
876 1492 954 1548 enim

273 1569 316 1628 iili
340 1567 504 1641 servimus,
529 1566 589 1647 ipse
608 1565 811 1645 temporibus:
835 1570 876 1628 ita
894 1588 955 1629 nec

272 1649 344 1725 ille,
371 1649 439 1730 quid
455 1667 589 1728 tempora
608 1644 786 1727 postulatura
798 1650 880 1721 sint,
901 1669 955 1710 nec

274 1751 358 1805 nos,
422 1729 451 1789 id
477 1730 526 1788 ille
553 1732 683 1808 cogitet,
709 1726 780 1788 seire
799 1729 957 1809 possumut.

275 1809 348 1868 Haec
368 1813 387 1867 t'
411 1812 420 1868 i
443 1828 526 1870 antea
550 1827 610 1867 non
629 1806 790 1886 rescripsi,
815 1829 878 1868 non
897 1812 957 1891 qub

274 1888 395 1950 cessator
414 1889 471 1951 effe
490 1889 634 1960 solerem,
656 1887 812 1967 presertim
829 1892 861 1948 in
880 1890 958 1952 litte·

274 1972 333 2043 ris3
348 1969 419 2044 sed,
439 1991 527 2051 quum
548 1968 689 2047 explorati
708 1969 779 2029 nihil
798 1970 957 2046 haberem,

276 2072 330 2112 nec
363 2053 415 2113 tibi
447 2050 668 2111 sollicitudinem
704 2070 740 2109 ex
776 2050 956 2114 dubitatione

276 2153 361 2204 mea,
389 2153 443 2191 nec
469 2132 550 2211 spem
575 2151 611 2191 ex
639 2128 829 2192 affirmatione
857 2132 957 2194 afferre

276 2213 366 2273 volui.
390 2210 464 2271 Illud
483 2230 582 2272 tamen
607 2210 788 2285 adscribam,
802 2262 804 2264 .
818 2215 902 2294 quod
919 2211 959 2275 est

275 2294 485 2364 verissimum,
513 2312 562 2351 me
590 2292 632 2350 his
659 2309 718 2352 tem
740 2292 840 2353 oribus
864 2295 957 2356 adbuc

276 2373 314 2434 de
335 2371 386 2433 isto
406 2372 535 2453 periculo
559 2314 761 2448 nihiluudiise.
789 2371 839 2434 Tu
861 2392 958 2436 tamen

276 2476 330 2535 pro
349 2472 398 2514 tua
414 2453 552 2533 sapientia
569 2454 688 2512 debebis
707 2469 809 2533 optare
826 2459 958 2536 optima,

276 2537 416 2679 cogitur}
433 2534 633 2675 piffieillima,
664 2532 741 2595 serre
765 2556 958 2620 quaecumque

276 2634 369 2679 eruut.
419 2631 475 2678 εει
