2184 3975
283 473 355 543 Ar>
369 471 594 545 Fnrrrcrnk.
610 474 698 542 [rr.
713 477 754 546 V.
784 496 857 572 215

181 590 336 651 einamm:
355 586 472 647 videtur
492 591 571 647 enim
591 591 725 652 miltites
745 594 775 651 in
795 612 862 673 pro-

181 673 323 753 pinquum
348 666 469 728 adducla
488 668 648 729 discrimen.
668 669 740 732 Puto
764 691 861 734 autern

181 749 247 811 med
275 747 408 809 nonnihil
432 748 565 809 interelle
595 749 609 830 (
634 771 806 832 quamquam
832 754 863 813 id

180 828 294 911 ipsum,
313 829 383 909 quid
397 829 530 903 intersit,
547 850 608 889 non
618 830 689 891 sane
706 833 862 915 intelligo)

181 928 383 972 verumtamen
406 954 416 983 ,
443 911 585 992 quidquid
605 912 683 972 illinc
703 916 866 973 nuntiatum

181 993 246 1065 ait,
277 1010 341 1051 nort
365 990 452 1073 longe
475 990 568 1052 abesse
590 993 680 1053 velim
703 1016 720 1054 a
740 994 867 1054 consiliis

182 1074 355 1132 amicorum.
374 1069 421 1130 Est
442 1075 521 1132 enirn
541 1093 587 1132 res
605 1070 663 1152 jam
682 1075 712 1132 in
735 1095 803 1135 eum
822 1074 867 1134 lo·

182 1172 250 1214 cum
271 1151 414 1225 addusta,
435 1169 468 1213 ut
484 1168 659 1234 quamquam
676 1155 799 1215 multum
816 1156 865 1214 in-

182 1234 265 1295 tersit
282 1234 357 1293 inter
375 1252 477 1294 eorum
497 1233 614 1308 causts,
638 1237 688 1316 qui
705 1236 866 1310 dimicant,

182 1329 285 1375 tamen
305 1313 381 1375 int'et
397 1313 531 1375 victorias
552 1337 612 1375 non
634 1316 757 1375 multum
776 1319 866 1376 inter·

183 1393 313 1455 litturum
354 1410 445 1456 utem.
463 1392 521 1455 Sed
565 1395 630 1454 lane
651 1399 790 1471 animus,
856 1398 867 1456 i

184 1474 280 1535 dubiis
296 1413 382 1536 rebus
403 1474 522 1535 forsitan
552 1480 620 1536 'erit
638 1474 798 1550 infirmior,
813 1416 867 1537 «π

185 1555 305 1638 speratis
332 1554 518 1617 confirmatus
545 1555 586 1617 est
610 1557 732 1616 multum
751 1577 761 1630 3
779 1577 868 1638 quem

184 1639 274 1699 etiam
287 1654 343 1697 tuae
356 1636 517 1777 sufieriores
532 1637 632 1698 litterae
645 1635 867 1711 confirmarunt,

185 1717 292 1861 genubus
325 1719 385 1778 inte
408 1721 455 1778 exi
483 1717 571 1799 qubm
599 1717 712 1777 fortiter
736 1714 870 1795 injuriam

217 1817 301 1872 tres;
320 1794 451 1879 iuvitque
468 1819 517 1858 me
531 1843 541 1871 ‚
555 1799 610 1858 tibi
627 1819 717 1879 quum
732 1797 873 1858 summam

187 1879 431 1952 humanitatem,
466 1894 529 1938 tum
558 1882 645 1940 etiam
675 1897 737 1939 tuas
762 1879 871 1939 litteras

187 1957 338 2043 profuisse.
375 1958 488 2022 Verum
513 1963 593 2022 enim
616 1959 759 2034 scribam,
784 1974 874 2022 tene-

189 2039 269 2103 riore
286 2040 359 2101 mihi
380 2042 478 2102 animo
497 2039 657 2114 videbare,
678 2044 750 2101 sicut
769 2060 873 2101 omnes

190 2120 276 2196 fere,
302 2123 352 2203 qui
369 2123 432 2183 viti
452 2121 580 2202 ingenui
601 2123 630 2180 in
652 2120 738 2182 beata
758 2123 874 2181 civitate

191 2202 224 2263 ἃ
247 2204 278 2262 in
299 2202 390 2264 libera
405 2203 541 2263 virinus.
562 2201 620 2262 Sed
636 2219 668 2261 ut
684 2201 732 2261 illa
751 2200 874 2261 secunda

192 2284 346 2344 moderate
374 2283 513 2356 tulimus,
538 2284 578 2344 sic
601 2282 676 2341 hanc
698 2302 757 2341 non
781 2281 874 2341 sollum

193 2362 366 2438 adversam,
378 2364 428 2424 sed
442 2362 570 2423 funditus
585 2362 715 2423 eversam
728 2362 874 2421 fortunam

194 2443 308 2506 fortiter
328 2444 403 2505 ferre
419 2444 586 2516 debemus;
603 2459 635 2503 ut
655 2444 711 2502 hoc
732 2441 831 2502 saltem
845 2444 876 2500 in

196 2526 329 2585 maximis
362 2524 444 2585 malis
472 2524 546 2584 boni
578 2522 817 2604 consequamur,
844 2540 877 2583 ut

197 2622 353 2678 mortem,
378 2625 466 2688 quam
485 2606 574 2665 etiam
593 2603 671 2664 beati
689 2619 879 2663 contemnere

198 2686 357 2748 debeamus
375 2730 386 2760 ,
407 2686 563 2766 propterea
581 2683 660 2765 qubd
681 2684 792 2743 nullum
809 2682 878 2743 sen-

199 2766 259 2827 sum
278 2765 349 2829 ellet
365 2766 514 2841 habitura,
534 2786 610 2825 nunc
631 2767 672 2824 sic
690 2763 801 2835 affedli,
816 2782 878 2822 non

199 2849 291 2909 modb
311 2864 500 2908 contemnere
521 2845 704 2920 debeamus,
723 2844 879 2905 sedetiam

200 2947 312 3010 optare.
337 2926 414 3002 Tu,
441 2930 465 2990 si
490 2947 538 2988 me
564 2927 679 3009 diligis,
706 2924 800 2984 fruere
828 2920 883 2982 isto

199 3012 289 3088 otio,
319 3009 431 3094 tibique
454 3007 622 3094 persuade,
644 3021 748 3092 pretet
767 3003 882 3087 culpam
