2184 3975
294 513 368 582 An
380 509 777 581 Frarrzrawestl.
807 521 883 602 259

207 626 315 698 'quoad
327 629 392 699 scira
415 628 510 698 partit,
530 629 587 696 quid
613 632 725 698 agendam
745 629 784 677 sit.
807 630 887 678 Addit

234 702 425 772 consolationem
444 719 459 752 a
475 702 590 752 commatri
612 703 766 759 calamitate,
789 701 886 752 &retii

234 775 393 845 canscientia.
412 775 487 828 Anno
501 774 535 828 ll.
552 780 652 842 07⁰7·

195 966 250 1014 'nt
261 885 509 1016 Dentrem
528 953 626 1013 triduo
640 953 706 1013 ante
720 954 814 1033 pneris
827 949 886 1011 cna
950 1024 952 1028 Α

201 1033 311 1096 Plancii
332 1037 440 1096 litteras
460 1035 496 1096 ad
515 1052 566 1097 te:
585 1036 623 1095 eb
647 1054 724 1093 nunc
746 1055 797 1094 ero
815 1033 887 1092 bre*

200 1118 286 1191 vior,
306 1134 420 1198 teque,
446 1134 478 1178 ut
497 1131 583 1177 antea
612 1114 804 1188 consolabar,
827 1114 886 1172 hoc

200 1202 345 1278 tempore
355 1197 494 1259 monebo.
504 1195 584 1256 Nihil
600 1213 672 1277 puto
686 1196 738 1256 tibi
758 1192 814 1254 effe
826 1196 885 1254 uti·

200 1275 278 1352 ssus,
298 1277 386 1359 quim
406 1278 516 1338 ibidem
536 1280 684 1359 opperiri,
723 1275 800 1336 uoad
816 1274 886 1335 scira·

202 1377 296 1438 possrs
322 1357 393 1440 quid
414 1358 469 1418 ribi
488 1359 632 1441 agendum
651 1359 696 1418 sit.
747 1376 793 1414 am
813 1377 887 1436 prte-

201 1457 242 1500 rer
262 1441 458 1522 navigationis
481 1440 603 1522 longe,
626 1439 659 1499 &
680 1438 830 1508 hiemalis,
853 1435 887 1495 δι

202 1521 324 1581 minime
343 1519 486 1602 portuosa
506 1522 688 1601 periculum,
711 1517 791 1599 quod
807 1519 887 1575 vita-

201 1602 303 1674 veris;
327 1621 367 1662 ne
389 1601 461 1662 illud
485 1602 604 1682 quidem
634 1619 695 1662 non
722 1598 888 1679 quantivis,

200 1679 321 1757 subita,
381 1703 431 1742 um
456 1685 525 1743 certi
545 1682 654 1762 aliquid
679 1680 831 1749 audieris,
856 1693 886 1736 te

201 1759 280 1822 istinc
296 1703 380 1844 poffi
419 1761 550 1823 roficisci.
567 1761 646 1822 Nihil
665 1759 705 1821 est
718 1760 888 1820 curadven·

201 1843 277 1903 tibus
303 1861 335 1904 te
357 1865 376 1904 ο
398 1862 460 1905 erre
488 1841 598 1926 gestias.
625 1842 721 1901 Multa
747 1858 887 1921 preterea

200 1922 301 1987 metuet
313 1921 329 1999 ,’
344 1945 409 2007 quae
419 1944 485 1984 cum
495 1921 603 1984 cilone
616 1921 714 1984 nostro
726 1923 889 1982 communi·

200 2008 275 2068 tavi.
290 2003 378 2084 Quid
400 2005 492 2066 multa
509 2004 520 2065 ἓ
541 2004 623 2075 Loco
634 2008 846 2085 opportuniore
856 2004 888 2061 in

200 2084 242 2148 his
259 2088 346 2147 malis
367 2085 448 2147 nullo
469 2083 526 2145 esse
545 2083 681 2164 potuisti,
698 2104 734 2143 ex
751 2104 809 2163 quo
831 2098 886 2156 te,

200 2184 388 2246 quocumque
405 2185 424 2224 ο
446 2185 482 2232 υς,
496 2165 567 2237 erit,
586 2163 769 2224 facillime&
790 2183 886 2244 expe·-

201 2246 341 2307 ditissime
360 2186 503 2305 congeras.
528 2242 624 2323 Qubd
646 2248 669 2305 si
689 2248 809 2324 recipiet
837 2246 887 2305 ille

201 2325 250 2402 se,
266 2326 307 2387 ad
323 2343 439 2407 ternpus
457 2326 550 2386 aderis
569 2346 576 2383 :
598 2329 642 2386 sin
663 2324 777 2406 (quum
798 2327 888 2386 multa
915 2361 918 2363 v

202 2408 335 2469 eccidere
357 2404 498 2489 poffunt)
513 2406 611 2488 [aliqua
623 2426 668 2467 res
683 2426 751 2465 eum
770 2406 819 2466 vel
832 2409 889 2464 im·

202 2488 324 2568 pediet,
342 2486 392 2549 vel
414 2487 597 2560 morabitur,
617 2503 649 2545 tu
669 2486 709 2545 ibi
732 2488 812 2559 eris,
837 2487 888 2547 ubi

204 2573 302 2629 omnia
322 2568 394 2629 scire
403 2570 496 2649 possis
507 2588 515 2628 :
527 2568 585 2629 hoe
593 2567 665 2627 mihi
676 2566 789 2647 prorsus
800 2568 888 2628 valde

205 2650 309 2731 placet.
327 2647 379 2711 De
396 2650 529 2731 reliquo,
549 2668 581 2709 ut
598 2664 627 2707 te
644 2646 717 2730 saepe
733 2669 785 2728 per
805 2648 888 2707 litte·

205 2752 246 2790 ras
263 2731 395 2790 hortatus
420 2728 505 2804 sum,
527 2732 567 2791 ita
590 2729 680 2790 velim
702 2730 754 2789 tibi
772 2728 890 2808 persua·

206 2810 295 2883 deas,
315 2827 347 2869 te
361 2813 391 2870 in
407 2810 460 2871 hac
477 2810 560 2871 causa
578 2810 647 2869 nihil
665 2809 794 2880 habere,
808 2808 889 2888 quod
977 2830 980 2836 ·

207 2891 254 2951 tibi
271 2890 436 2951 timendum
448 2893 504 2966 sit,
522 2910 627 2972 praeter
644 2909 832 2949 communem
844 2907 890 2946 ca·

208 2969 264 3033 sum
285 2973 409 3031 civitatis
429 2993 439 3045 3
458 2975 506 3053 qui
532 2976 588 3033 etsi
614 2969 655 3030 est
681 2972 888 3052 gravissimus,

209 3064 303 3117 temen
317 3054 358 3117 ite
380 3054 527 3130 viximus,
548 3053 580 3115 ὃ(
601 3051 632 3112 id
651 3053 741 3114 aetatis
760 3046 819 3129 jam
837 3046 888 3108 su-
