2184 3975
306 457 378 533 'Au
391 459 615 529 anrnrnn.
628 457 717 530 ιω.
733 456 812 527 VH.
838 456 916 551 265

229 572 290 636 tihi
308 572 416 657 perfrui
436 570 556 634 mirifice
572 573 670 648 licuit,
687 593 776 657 quum
796 572 866 635 effes
884 577 916 637 in

231 653 288 715 istu
308 657 576 748 amoenitatenpene
600 653 675 748 sulus
702 654 822 749 relidus.
850 654 918 751 Ne·

233 733 919 896 {¹312¹53²?sistassssssusssssssi

232 893 299 954 rasti
321 938 332 970 ,
365 896 399 954 ὃ(
425 892 586 975 patefecisti
608 891 769 971 Seianum,
794 915 847 974 per
866 915 920 957 eos

232 973 296 1034 dies
321 979 463 1036 matutina
481 993 617 1053 tempora
639 973 815 1035 leffiunculis
840 997 919 1034 con-

233 1052 406 1135 sumpseris;
424 1074 514 1138 quum
530 1055 572 1113 illi
594 1056 723 1128 interea,
742 1057 791 1136 qui
810 1072 839 1116 te
860 1054 920 1116 istic

233 1136 432 1215 reliquerunt,
446 1133 604 1214 spedarent
620 1155 789 1195 communes
811 1137 918 1196 mimos

234 1211 411 1276 semisomni.
434 1213 499 1282 Reli
540 1237 569 1275 as
588 1216 661 1274 verb
709 1234 783 1276 artes
804 1215 861 1276 diei
884 1234 918 1276 tu

234 1294 424 1355 consumebas
442 1295 488 1354 his
500 1235 759 1369 dileuationiiu„
778 1315 848 1374 quas
864 1297 918 1357 tibi

234 1374 293 1513 {use
310 1375 350 1516 ad
369 1376 518 1515 arbeitriutm
535 1393 617 1435 tuum
633 1396 814 1514 crtnnpdararas
823 1419 846 1512 ὲ
859 1398 919 1515 no.-

234 1474 918 1615 sfflssssnsssti²psfis¹zissffs²asnss¹3

235 1616 257 1674 si
331 1616 423 1690 aris,
451 1614 511 1674 ludi
531 1616 765 1695 apparatissimi,
788 1614 918 1676 sednon

235 1696 275 1756 tui
338 1694 455 1754 machi:
478 1691 674 1771 conjecturam
692 1697 771 1755 eninr
786 1692 862 1754 facio
879 1696 919 1757 de

235 1795 314 1836 meo.
336 1773 415 1835 Nam
432 1777 555 1854 priminn
572 1775 690 1834 honoris
712 1773 797 1832 causi
810 1777 839 1833 in
855 1773 919 1837 sce-

236 1875 300 1916 nam
316 1855 463 1915 redierant
479 1857 518 1928 ii,
553 1877 607 1915 uos
623 1875 681 1948 ego
697 1854 816 1914 honoris
831 1856 915 1918 causi

237 1935 271 1997 de
296 1935 385 1997 scena
412 1875 563 1997 decessisse
594 1935 757 1997 arbitrabar.
791 1932 916 1997 Deiiciae

236 2019 305 2077 verb
323 2035 402 2089 tuae,
417 2014 513 2077 noster
531 2015 674 2095 AEsopus‚
688 2013 828 2094 ejusmodi
844 2016 920 2091 fuit,'

236 2100 316 2159 urei
337 2097 471 2158 desinere
490 2116 542 2176 per
563 2116 665 2155 omnes
686 2096 819 2154 homines
841 2096 917 2157 lice·

236 2194 294 2237 ret:
316 2179 343 2237 is
361 2174 454 2255 jurare
477 2196 568 2256 quum
593 2173 743 2255 coepisset,
763 2197 824 2235 vox
847 2196 916 2237 eum

236 2255 343 2319 defecit
361 2259 390 2315 in
409 2255 460 2316 illo
479 2256 569 2329 locu,
585 2258 716 2334 Sissiens
726 2258 813 2332 fullo.
828 2254 914 2334 Quid

182 2369 185 2376 ·
236 2337 284 2400 ribi
303 2357 363 2422 ego
383 2334 438 2395 alia
457 2334 589 2395 narrem?
605 2334 678 2393 nosti
691 2337 770 2395 enirn
786 2335 914 2415 reliquos

236 2415 340 2493 ludos,
361 2416 412 2496 qui
433 2414 522 2475 ne'id
539 2415 658 2496 quidem
675 2416 782 2494 leporis
803 2414 914 2477 habue-

237 2494 322 2572 runt,
341 2494 423 2576 quod
437 2494 528 2555 solent
544 2495 707 2554 mediocres
723 2494 792 2552 ludi.
809 2493 915 2576 Appa-

236 2576 309 2639 ηὼς
328 2578 409 2636 enirn
429 2573 566 2655 spedatio
586 2573 708 2633 tollebat
729 2594 849 2634 omnem
867 2577 915 2637 hi·

183 2707 185 2720 .
236 2656 397 2728 latitarem
414 2674 475 2734 quo
493 2654 611 2736 quidem
629 2671 766 2733 apparatu
783 2676 842 2714 non
861 2655 918 2716 du·

236 2736 293 2800 bito
308 2738 380 2818 quin
392 2737 490 2794 animo
506 2735 671 2816 aequissimo
682 2737 813 2795 carueris.
827 2734 915 2814 Quid

183 2825 185 2866 :
237 2819 311 2878 enim
340 2812 536 2875 delesiationis
560 2813 666 2874 habent
691 2813 816 2874 sexcenti
842 2816 917 2874 muli

238 2897 261 2957 in
283 2892 536 2977 Clytaemnestra?
566 2913 613 2953 aut
632 2897 660 2953 in
677 2892 760 2972 Equo
780 2892 914 2972 Trojano

239 2995 377 3039 mamm
398 2977 453 3035 tria
474 2974 586 3037 millia?
607 2991 655 3037 aut
677 2991 819 3036 armatura
836 2974 918 3035 vatia

272 3061 376 3122 renus
394 3054 453 3120 xl.
778 3051 815 3114 M
