2184 3975
271 468 350 551 '208
431 471 800 543 Errsrorraurr
841 534 843 539 .

271 605 463 651 commovere
481 605 529 647 me
542 581 675 659 noluisti,
691 600 792 649 tamen
808 586 850 647 ita
863 583 952 648 exiffis

271 689 335 735 mes
350 667 458 741 velim,
477 686 526 727 me
543 665 735 727 antelaturum
748 664 831 729 fuiffe
841 712 856 743 ,
872 671 900 729 si
920 664 952 729 ad

271 769 322 812 me
334 745 455 809 misiffes
467 790 479 820 ‚
489 745 672 811 voluntatem
690 761 770 809 tuam
793 746 952 811 commodo

272 848 353 891 meo.
373 826 423 889 Ad
441 847 477 889 ea
499 847 565 909 quae
586 822 743 908 scripsisti,
770 828 952 891 commodius

272 909 410 991 equidem
430 904 539 989 possem
559 906 597 968 de
618 906 736 1048 sinqulis
757 908 794 969 ad
818 926 851 971 te
875 910 954 971 rebus

273 989 414 1062 scribere,
427 991 451 1049 si
463 987 506 1049 M.
517 986 650 1062 Tullius,
672 988 750 1049 criba
759 1009 867 1064 meus,
883 986 956 1051 ades·

274 1069 337 1143 set3
352 1093 370 1131 a
388 1091 448 1151 quo
463 1069 534 1129 rnihi
545 1068 728 1148 exploratum
742 1066 806 1143 est,
824 1073 858 1149 in
873 1073 955 1133 ratiu-

271 1151 360 1213 uibus
380 1151 517 1211 duntaxat
538 1148 697 1213 referendis
712 1148 775 1231 (de
785 1150 895 1214 teretis
914 1171 956 1212 re·

271 1232 331 1293 bus
351 1229 492 1291 affirmare
508 1251 569 1291 non
590 1228 729 1313 possum)
745 1230 817 1293 nihil
835 1251 906 1293 eum
920 1230 957 1293 fe·

273 1309 343 1372 cisse
359 1312 516 1385 scientem,
530 1310 611 1392 quod
622 1307 691 1373 effet
704 1330 806 1373 contra
818 1331 870 1374 aut
883 1332 957 1387 rem,

273 1410 328 1455 aut
346 1391 585 1454 eaiffimationem
602 1409 702 1453 tuam:
718 1392 809 1466 dein,
830 1395 858 1453 si
874 1394 958 1453 ratio·

275 1493 350 1535 num
370 1471 585 1535 referendarum
604 1469 648 1551 'qus
668 1489 752 1533 vetus
771 1474 805 1533 δι
825 1494 892 1535 mos
913 1494 959 1535 an-

205 1564 213 1579 *
274 1557 376 1636 riquus
399 1570 552 1628 maneret,
573 1572 620 1613 me
644 1554 802 1613 relaturum
818 1557 959 1629 rationes,

280 1637 337 1697 nisi
358 1653 456 1696 tecum
475 1654 529 1716 pro
556 1631 759 1710 conjunttione
780 1632 961 1699 nostrae'ue-

275 1716 463 1779 .cessitudinis
491 1712 670 1775 contuliffem
689 1713 960 1798 'confecissemque.‚

275 1818 341 1865 non
358 1794 449 1859 fuiffe.
465 1793 572 1935 r3uod
596 1796 682 1877 igitur
703 1792 832 1857 feciffem
856 1797 894 1857 ad
916 1819 961 1859 ur·

277 1877 374 1951 bem,
391 1880 416 1936 si
428 1896 465 1936 co
497 1875 609 1935 uetudo
627 1872 742 1956 pristina
756 1876 960 1953 maneret,id,

276 1959 421 2040 quoniam
437 1957 502 2039 lege
518 1953 594 2016 iulia
611 1956 772 2039 relinquere
792 1961 919 2020 rationes
934 1958 961 2022 'u

284 2040 436 2120 provincia
455 2034 567 2097 necesse
585 2054 666 2111 erat,
694 2038 867 2120 easdemque
881 2103 884 2108 ,
897 2037 962 2100 toti·

283 2119 353 2179 dem
371 2118 467 2179 verbis
493 2116 599 2178 referre
627 2117 663 2177 ad
681 2121 812 2179 aerarium
822 2164 835 2192 ,
855 2119 911 2181 feci
934 2122 963 2179 in

282 2201 442 2280 provincia.
462 2195 565 2277 Neque
577 2200 617 2257 ita
627 2198 706 2274 feci,
721 2218 752 2261 ut
764 2219 793 2260 te
816 2201 855 2260 ad
870 2220 964 2261 meum

283 2280 433 2340 arbitrium
446 2277 620 2338 adducerem
637 2299 649 2352 ·,
668 2278 718 2342 sed
734 2282 820 2341 tribui
835 2282 886 2342 tibi
903 2299 963 2342 tan-

279 2378 366 2432 tum,
384 2376 521 2439 quantum
538 2379 585 2419 me
606 2359 732 2421 tribuiffe
744 2382 906 2441 numquam
920 2355 962 2422 me

285 2441 440 2522 poenitebit
461 2456 580 2500 :totum
606 2443 685 2500 enim
705 2439 824 2501 scribam
845 2462 962 2514 meum,

288 2541 377 2603 quem
390 2520 443 2581 tibi
453 2520 542 2582 video
558 2541 634 2582 nunc
651 2519 707 2582 effe
725 2521 965 2601 suspedium‚tibi

278 2602 407 2663 madidi:
419 2617 449 2660 tu
460 2603 487 2661 ei
503 2600 548 2659 M.
560 2600 719 2676 Mindium,
737 2603 858 2675 fratrent
868 2623 964 2675 tum,

287 2678 446 2762 adjunxisti.
463 2679 602 2741 Rationes
622 2680 760 2743 conferta
783 2704 831 2743 me
852 2684 988 2744 absente

287 2764 490 2835 sumntum,
519 2764 557 2822 ad
605 2784 655 2822 uas
676 2784 733 2847 ego
758 2764 828 2823 nihil
853 2763 971 2836 adhibui.

278 2865 392 2926 ,praerer
404 2841 566 2903 teutonem.
585 2784 629 2905 dra
644 2847 743 2925 accepi
757 2847 864 2904 librum
875 2868 891 2906 a
902 2864 965 2906 meu

287 2926 372 2988 servo
383 2924 488 2996 scriba,
508 2940 540 2983 ut
559 2924 695 2985 eumdem
706 2927 869 3006 acceperim
887 2926 965 2986 afra·

277 3020 331 3077 ,πε
345 3005 446 3090 tuqui
461 3004 559 3066 honor
573 3003 681 3084 isfuit,
697 3004 845 3088 majorem
853 3007 909 3082 tib}
918 3008 968 3080 hun
