2184 3975
284 494 355 596 'Ao
374 529 598 597 anrrtrrt.
615 529 704 602 [ιιι.
722 528 770 601 X.
800 543 876 627 413

199 637 283 701 tione
304 640 441 721 parienda
459 639 510 702 est.
522 692 525 697 .
538 641 597 703 Sed
624 643 660 704 de
682 664 754 724 pace
774 643 879 704 litterae

200 720 249 781 vel
273 718 405 801 Lepidi,
435 722 484 781 vel
503 739 583 795 tue,
609 743 696 802 quam
718 727 878 803 inpetrem
959 754 964 767 ·

199 818 330 879 accepte
346 803 419 872 sint,
434 804 549 862 ex.viro
565 806 696 881 optimo,
713 801 798 863 fratre
809 816 880 878 tu'o,

200 878 234 938 &
248 899 286 941 ex
303 877 343 940 C.
365 880 472 943 Furnio
492 882 600 960 poteris
625 883 809 965 cognoscere.
825 883 879 943 Me

199 975 299 1019 autent
324 960 437 1040 impulit
457 963 499 1019 tui
522 963 622 1022 caritas
646 1006 656 1035 ‚
685 979 746 1035 ut,
773 982 879 1042 quant»

199 1060 291 1178 aptatu
315 1049 370 1100 nec
400 1040 451 1100 tibi
479 1042 533 1120 ipsi
559 1042 709 1101 consilium
738 1040 880 1116 deellet,

255 1118 349 1180 fratris
372 1117 525 1200 Fumiique
546 1121 775 1196 benevolentia,
800 1120 880 1182 fide-

197 1198 291 1338 liscpue
311 1198 464 1281 prudentia
478 1201 530 1260 tibi
547 1200 648 1281 praestb
673 1201 742 1261 effer
761 1201 880 1277 futura,

200 1279 311 1343 velem
332 1295 431 1343 tamen
448 1299 524 1340 meae
544 1301 661 1362 quoque
683 1280 880 1355 autoritatis,

201 1379 257 1439 pro
272 1359 399 1440 plurimis
415 1357 514 1420 nostris
527 1360 799 1432 necessitudinibus,
811 1378 884 1444 pta-

203 1457 322 1521 ceptum
334 1439 381 1521 ‘ad
401 1459 430 1500 te
452 1440 568 1520 aliquod
596 1442 757 1521 pervenire.
776 1439 883 1508 ,Crede

203 1519 292 1600 igitur
309 1519 399 1592 mihi,
415 1517 541 1594 Plance,
557 1541 678 1595 omnes,
697 1532 778 1602 quos¹
788 1519 887 1579 adhuc*

202 1600 309 1680 gradus
332 1601 477 1681 dignitatis
500 1602 669 1662 consecutus
694 1603 732 1660 sis
752 1599 770 1681 (
785 1618 817 1658 es
832 1620 883 1660 au-

198 1695 267 1744 ,tem
281 1680 402 1761 adeptus
412 1680 611 1761 ¹amplissimos»
628 1683 642 1762 )
663 1700 716 1751 eos
736 1680 881 1742 bonorum

202 1760 347 1821 vocabula
369 1760 539 1834 habituros,
567 1781 628 1821 nou
649 1760 793 1841 dignitatis
815 1763 884 1819 insi·

203 1842 272 1920 gnia
284 1884 296 1912 ,
322 1843 378 1900 nisi
396 1859 426 1900 te
449 1861 516 1898 curn
536 1841 667 1901 libertate
691 1841 792 1920 populi
814 1837 882 1900 Ro-

203 1922 312 1995 mani,
345 1920 377 1980 ὃ(
401 1941 467 1980 cum
483 1919 595 1982 senatd's
616 1919 781 1980 auctoritate
806 1936 882 1981 con*

204 1997 342 2078 junxeris.
362 1998 561 2082 sejungere,
582 2001 702 2083 quaeso,
728 2001 884 2081 aliquando

203 2080 242 2141 ab
263 2083 325 2155 iis,
351 2101 418 2144 cum
437 2081 541 2162 quibus
554 2081 595 2141 'te
617 2100 677 2140 non
699 2097 781 2140 tuum
806 2076 886 2158 judi·

198 2162 308 2233 eium,
328 2158 563 2241 sedtemporum
582 2161 699 2223 vincula
719 2157 883 2239 conjunxet·

204 2253 292 2302 tunt.¹
304 2236 481 2320 Complures
502 2244 531 2300 in
553 2241 765 2323 perturbatione
786 2243 884 2319 reipu-

204 2319 289 2382 blitae
305 2320 439 2384 consules
456 2318 544 2395 didi,
562 2342 685 2402 quorum
703 2341 791 2379 nemo
811 2342 885 2380 con·

205 2398 303 2462 sularis
324 2400 456 2473 habitus,
478 2403 534 2460 nisi
553 2404 602 2481 qui
619 2404 716 2460 animo
733 2397 837 2459 exstitit
852 2402 883 2459 in

205 2480 414 2561 rempublicam
443 2480 593 2539 consulari.
619 2479 725 2539 Talem
749 2481 834 2561 igitur
854 2496 885 2539 te

206 2558 265 2622 elle
284 2573 402 2640 oportet
421 2604 431 2632 ‚
450 2564 501 2639 qui
521 2559 647 2639 primum
669 2575 698 2619 te
718 2558 753 2617 ab
775 2561 887 2638 impio·

205 2661 270 2701 tum
293 2642 422 2713 civium,
440 2642 481 2701 tui
501 2639 774 2711 dissimillimorum,
794 2637 886 2698 socie·

206 2718 436 2803 tate'sejungan
453 2720 558 2782 deinde
577 2720 732 2780 &senatui
748 2717 887 2797 bonisque

206 2800 349 2881 omuibus.
371 2799 540 2875 audonem,
568 2804 753 2881 principem,
781 2798 886 2857 ducem

206 2881 357 2962 praebeas;
380 2878 548 2962 postremb‚
569 2899 602 2941 ut
622 2900 725 2960 pacem
742 2876 797 2937 elle
811 2876 889 2965 judi·

207 2981 256 3022 ces
275 2984 336 3024 non
355 2966 384 3021 in
405 2964 488 3025 armis
511 2963 635 3039 positis,
657 2959 707 3018 sed
726 2960 755 3018 in
769 2956 887 3034 'abpello

206 3062 355 3104 armorum
383 3042 416 3104 ὃ(
440 3041 583 3103 servitutis
605 3037 789 3177 metuTldaec
812 3039 840 3098 si
854 3038 888 3106 de

736 3138 766 3193 n]
