2184 3975
407 514 463 596 '94
559 503 933 570 Errsrorirvrr
996 506 1000 513 “

408 616 499 698 quim
528 617 552 674 si
580 614 653 676 illud
682 611 751 674 effer
783 613 981 688 faciendum,

408 693 597 780 promiseram
619 694 743 756 Phaniae.
768 693 870 777 ltaque
890 697 923 757 &
941 716 1012 756 cons

410 779 545 851 mutavi,
567 777 599 836 ὃ(
610 777 650 836 ad
666 792 696 837 te
711 774 805 837 statim
818 778 886 838 mei
899 798 988 838 manu
1009 800 1012 837 :

411 876 455 919 ms
483 859 591 919 litteras
617 858 708 931 misi·,
732 879 802 940 quas
830 859 947 940 quidem
973 878 1012 920 ex

409 939 513 1002 litteris
536 939 667 1001 intellexi
690 937 755 1000 saris
778 940 889 1000 moal
913 940 952 1000 ad
979 958 1010 1001 te

452 1022 549 1082 rlatas.,
575 1019 644 1082 Hoc
663 1040 721 1103 ego
741 1041 811 1082 meo
830 1019 906 1082 failo
926 1020 1012 1084 valde

410 1102 504 1163 ‘eilor
524 1122 532 1161 :
557 1102 630 1162 nihil
648 1104 727 1162 enim
747 1104 843 1184 potuit
861 1100 924 1163 fieri
942 1123 1012 1163 amar

409 1179 577 1244 Considera
592 1203 669 1243 nunc
686 1185 815 1245 vicissim
830 1201 921 1244 mum.
938 1181 1010 1245 Non

412 1262 902 1340 domibinonfiu‘sti,ubime
963 1264 1012 1326 im

412 1347 495 1405 mim
519 1346 620 1407 videre
640 1344 763 1427 polle's;
789 1345 838 1407 sed
860 1346 904 1409 εδ·
942 1349 1012 1407 'ces

409 1426 473 1508 quo
492 1446 552 1509 ego
571 1444 601 1489 te
626 1446 665 1489 ne
685 1425 819 1508 persequi
839 1426 959 1510 quidem

410 1509 530 1590 triginta
552 1507 652 1569 diebus
667 1553 678 1583 ‚
693 1510 742 1589 qui
762 1508 815 1569 tibi
831 1509 870 1569 ad
891 1509 945 1570 dec
985 1529 1012 1570 er

409 1588 439 1648 le
461 1609 477 1649 e
510 1587 525 1671 (
548 1607 580 1650 ut
605 1591 712 1670 opinor
781 1587 923 1651 Cornelii
948 1599 1012 1652 conl

452 1685 524 1730 ent:
546 1688 579 1730 ut
596 1669 729 1731 mumfa
777 1692 835 1746 m,
858 1672 986 1755 illisqui

408 1753 511 1813 animo
533 1753 609 1812 inter
628 1773 683 1812 nos
703 1753 813 1828 simus,
832 1755 1012 1836 ignorant,;

411 1831 539 1893 hominis
569 1833 635 1913 (ut
657 1833 803 1894 levissimi
823 1833 919 1895 dicam
942 1836 958 1908 )
989 1834 1012 1894 ὃ

414 1914 516 1995 gientis
526 1933 586 1974 con
607 1911 731 1987 tellum
749 1935 848 1975 meum
865 1916 941 1977 vero
954 1937 1010 1976 con

364 2009 371 2020 ·
411 1996 515 2054 tissimi
541 2038 552 2067 ‚
645 1997 838 2073 amicissimi,
867 1995 924 2059 effe
949 1998 1012 2060 rid<

413 2073 461 2135 Ac
479 2074 553 2134 mihi
571 2090 669 2136 tamen
690 2079 759 2137 anti
779 2122 808 2160 ,Ι
832 2079 899 2137 uim
918 2080 949 2137 in
967 2101 1012 2160 prr

411 2158 488 2215 riam
503 2157 659 2232 venirem,
677 2158 795 2219 reddita
812 2099 877 2219 liunt
894 2176 957 2219 ate
974 2159 1012 2219 lir

410 2235 518 2318 quibus
536 2238 593 2297 etsi
609 2256 639 2299 re
658 2236 781 2300 Tarsum
798 2238 941 2321 proficisci
963 2239 1012 2301 der

410 2317 507 2378 trabas
529 2361 540 2391 ‚
565 2335 664 2380 tamen
690 2321 761 2380 mihi
783 2342 844 2381 non
868 2321 987 2381 dubiam

386 2415 396 2432 ²
413 2400 473 2457 mei
488 2401 682 2464 conveniendi
697 2400 849 2462 offerebas:
864 2423 953 2484 quum
966 2403 1012 2461 int·

409 2480 503 2540 credo
520 2483 682 2562 equidem,
701 2483 840 2544 malevoli
856 2484 990 2544 homines
1010 2501 1012 2537 l

410 2563 493 2622 enim
507 2578 590 2641 patet
607 2564 666 2624 hoc
679 2566 803 2638 vitium,
821 2564 854 2624 &
868 2562 909 2625 est
926 2568 956 2624 in
972 2584 1012 2625 mr

414 2640 465 2702 sed
497 2659 596 2704 tamen
626 2645 807 2725 probabilem
839 2647 988 2708 materiam

414 2722 574 2798 sermonis,
595 2726 688 2807 ignari
707 2744 782 2784 meae
805 2724 1012 2802 constanriae,r

412 2804 518 2865 bantur
538 2806 661 2865 alienare
683 2825 704 2863 a
725 2823 755 2865 re
774 2807 955 2868 voluntatem
975 2828 1012 2868 mr

455 2888 465 2946 i
479 2904 508 2947 te
521 2884 618 2946 forum
631 2884 742 2946 Tarsia
761 2906 833 2963 ere,
845 2886 970 2949 statuere
985 2909 1012 2949 m

412 2906 587 3041 licernere,
600 2965 727 3046 judicare
738 2908 886 3044 rimemur,
897 2990 987 3049 quum
1000 2991 1012 3053 r

414 3045 474 3127 iam
501 3046 634 3130 suspicari
660 3049 715 3113 ribi
740 3047 797 3112 else
823 3048 1000 3117 occeffum:
