<?xml version="1.0" encoding="UTF-8"?>
<!DOCTYPE html PUBLIC "-//W3C//DTD XHTML 1.0 Transitional//EN"
    "http://www.w3.org/TR/xhtml1/DTD/xhtml1-transitional.dtd">
<html xmlns="http://www.w3.org/1999/xhtml" xml:lang="en" lang="en">
 <head>
  <title>
</title>
<meta http-equiv="Content-Type" content="text/html;charset=utf-8" />
  <meta name='ocr-system' content='tesseract 3.04.00' />
  <meta name='ocr-capabilities' content='ocr_page ocr_carea ocr_par ocr_line ocrx_word'/>
</head>
<body>
  <div class='ocr_page' id='page_1' title='image "./mtulliiciceroni07lallgoog_0256.png"; bbox 0 0 2184 3975; ppageno 0'>
   <div class='ocr_carea' id='block_1_1' title="bbox 202 440 729 538">
    <p class='ocr_par' dir='ltr' id='par_1_1' title="bbox 202 440 729 538">
     <span class='ocr_line' id='line_1_1' title="bbox 202 440 729 538; baseline -0.009 -18"><span class='ocrx_word' id='word_1_1' title='bbox 202 444 280 538; x_wconf 80' lang='lat'>&#39;256</span> <span class='ocrx_word' id='word_1_2' title='bbox 353 440 729 515; x_wconf 71' lang='lat' dir='ltr'>Enteroznaunr</span> 
     </span>
    </p>
   </div>
   <div class='ocr_carea' id='block_1_2' title="bbox 126 557 891 2983">
    <p class='ocr_par' dir='ltr' id='par_1_2' title="bbox 126 557 891 2983">
     <span class='ocr_line' id='line_1_2' title="bbox 200 557 881 639; baseline 0 -19"><span class='ocrx_word' id='word_1_3' title='bbox 200 581 266 634; x_wconf 87' lang='lat' dir='ltr'>ras,</span> <span class='ocrx_word' id='word_1_4' title='bbox 282 557 374 619; x_wconf 84' lang='lat' dir='ltr'>statim</span> <span class='ocrx_word' id='word_1_5' title='bbox 396 560 515 639; x_wconf 86' lang='lat' dir='ltr'>quaesivi</span> <span class='ocrx_word' id='word_1_6' title='bbox 536 582 554 619; x_wconf 86' lang='lat' dir='ltr'>a</span> <span class='ocrx_word' id='word_1_7' title='bbox 570 559 662 620; x_wconf 87' lang='lat' dir='ltr'>Balbo</span> <span class='ocrx_word' id='word_1_8' title='bbox 701 580 735 621; x_wconf 87' lang='lat' dir='ltr'>er</span> <span class='ocrx_word' id='word_1_9' title='bbox 762 557 881 620; x_wconf 69' lang='lat' dir='ltr'>codicis-⁴</span> 
     </span>
     <span class='ocr_line' id='line_1_3' title="bbox 199 581 883 723; baseline 0 -22"><span class='ocrx_word' id='word_1_10' title='bbox 199 641 271 712; x_wconf 88' lang='lat' dir='ltr'>los,</span> <span class='ocrx_word' id='word_1_11' title='bbox 293 640 363 720; x_wconf 88' lang='lat' dir='ltr'>quid</span> <span class='ocrx_word' id='word_1_12' title='bbox 389 639 457 701; x_wconf 80' lang='lat' dir='ltr'>esset</span> <span class='ocrx_word' id='word_1_13' title='bbox 478 643 508 701; x_wconf 87' lang='lat' dir='ltr'>in</span> <span class='ocrx_word' id='word_1_14' title='bbox 527 640 604 723; x_wconf 84' lang='lat' dir='ltr'>lege.</span> <span class='ocrx_word' id='word_1_15' title='bbox 624 581 784 721; x_wconf 57' lang='lat' dir='ltr'>Residpsit</span> <span class='ocrx_word' id='word_1_16' title='bbox 799 684 809 712; x_wconf 87' lang='lat'>‚</span> <span class='ocrx_word' id='word_1_17' title='bbox 827 639 883 701; x_wconf 82' lang='lat' dir='ltr'>Eos</span> 
     </span>
     <span class='ocr_line' id='line_1_4' title="bbox 201 719 885 802; baseline 0.003 -23"><span class='ocrx_word' id='word_1_18' title='bbox 201 724 251 801; x_wconf 92' lang='lat' dir='ltr'>qui</span> <span class='ocrx_word' id='word_1_19' title='bbox 267 720 394 782; x_wconf 83' lang='lat' dir='ltr'>facerent</span> <span class='ocrx_word' id='word_1_20' title='bbox 407 723 601 802; x_wconf 84' lang='lat' dir='ltr'>praeconium‚</span> <span class='ocrx_word' id='word_1_21' title='bbox 620 725 711 782; x_wconf 87' lang='lat' dir='ltr'>vetari</span> <span class='ocrx_word' id='word_1_22' title='bbox 722 719 779 781; x_wconf 78' lang='lat' dir='ltr'>esse</span> <span class='ocrx_word' id='word_1_23' title='bbox 793 722 822 779; x_wconf 93' lang='lat' dir='ltr'>in</span> <span class='ocrx_word' id='word_1_24' title='bbox 833 721 885 781; x_wconf 89' lang='lat' dir='ltr'>de·</span> 
     </span>
     <span class='ocr_line' id='line_1_5' title="bbox 201 800 884 882; baseline 0.003 -22"><span class='ocrx_word' id='word_1_25' title='bbox 201 803 366 879; x_wconf 87' lang='lat' dir='ltr'>curionibus</span> <span class='ocrx_word' id='word_1_26' title='bbox 398 822 408 874; x_wconf 79' lang='lat'>3</span> <span class='ocrx_word' id='word_1_27' title='bbox 433 803 482 882; x_wconf 92' lang='lat' dir='ltr'>qui</span> <span class='ocrx_word' id='word_1_28' title='bbox 511 800 639 863; x_wconf 77' lang='lat' dir='ltr'>fecissent</span> <span class='ocrx_word' id='word_1_29' title='bbox 664 847 675 877; x_wconf 92' lang='lat'>‚</span> <span class='ocrx_word' id='word_1_30' title='bbox 700 823 762 861; x_wconf 90' lang='lat' dir='ltr'>non</span> <span class='ocrx_word' id='word_1_31' title='bbox 787 803 884 862; x_wconf 81' lang='lat' dir='ltr'>vetari.</span> 
     </span>
     <span class='ocr_line' id='line_1_6' title="bbox 203 880 882 960; baseline 0.001 -18"><span class='ocrx_word' id='word_1_32' title='bbox 203 880 308 960; x_wconf 83' lang='lat' dir='ltr'>Quare</span> <span class='ocrx_word' id='word_1_33' title='bbox 319 884 399 943; x_wconf 90' lang='lat' dir='ltr'>bono</span> <span class='ocrx_word' id='word_1_34' title='bbox 418 885 514 943; x_wconf 91' lang='lat' dir='ltr'>animo</span> <span class='ocrx_word' id='word_1_35' title='bbox 531 885 586 942; x_wconf 86' lang='lat' dir='ltr'>sint</span> <span class='ocrx_word' id='word_1_36' title='bbox 597 883 629 942; x_wconf 77' lang='grc' dir='ltr'>ὃ(</span> <span class='ocrx_word' id='word_1_37' title='bbox 640 885 703 957; x_wconf 89' lang='lat' dir='ltr'>tui,</span> <span class='ocrx_word' id='word_1_38' title='bbox 721 884 754 942; x_wconf 90' lang='lat'>&amp;</span> <span class='ocrx_word' id='word_1_39' title='bbox 772 885 833 942; x_wconf 86' lang='lat' dir='ltr'>mei</span> <span class='ocrx_word' id='word_1_40' title='bbox 844 880 882 943; x_wconf 82' lang='lat' dir='ltr'>fa-</span> 
     </span>
     <span class='ocr_line' id='line_1_7' title="bbox 180 961 882 1043; baseline 0.001 -21"><span class='ocrx_word' id='word_1_41' title='bbox 180 964 327 1033; x_wconf 86' lang='lat' dir='ltr'>miliares</span> <span class='ocrx_word' id='word_1_42' title='bbox 347 985 354 1022; x_wconf 94' lang='lat'>:</span> <span class='ocrx_word' id='word_1_43' title='bbox 378 981 473 1043; x_wconf 87' lang='lat' dir='ltr'>neque</span> <span class='ocrx_word' id='word_1_44' title='bbox 503 964 583 1023; x_wconf 89' lang='lat' dir='ltr'>enim</span> <span class='ocrx_word' id='word_1_45' title='bbox 610 980 672 1024; x_wconf 87' lang='lat' dir='ltr'>erat</span> <span class='ocrx_word' id='word_1_46' title='bbox 698 961 882 1038; x_wconf 87' lang='lat' dir='ltr'>ferendum,</span> 
     </span>
     <span class='ocr_line' id='line_1_8' title="bbox 203 1041 884 1125; baseline -0.003 -21"><span class='ocrx_word' id='word_1_47' title='bbox 203 1064 322 1125; x_wconf 90' lang='lat' dir='ltr'>quum,</span> <span class='ocrx_word' id='word_1_48' title='bbox 344 1047 392 1124; x_wconf 90' lang='lat' dir='ltr'>qui</span> <span class='ocrx_word' id='word_1_49' title='bbox 422 1044 509 1104; x_wconf 89' lang='lat' dir='ltr'>hodie</span> <span class='ocrx_word' id='word_1_50' title='bbox 529 1041 715 1125; x_wconf 81' lang='lat' dir='ltr'>aruspicinam</span> <span class='ocrx_word' id='word_1_51' title='bbox 737 1043 884 1117; x_wconf 81' lang='lat' dir='ltr'>facerent¹</span> 
     </span>
     <span class='ocr_line' id='line_1_9' title="bbox 203 1123 886 1207; baseline -0.003 -21"><span class='ocrx_word' id='word_1_52' title='bbox 203 1128 233 1186; x_wconf 89' lang='lat' dir='ltr'>in</span> <span class='ocrx_word' id='word_1_53' title='bbox 253 1125 349 1185; x_wconf 84' lang='lat' dir='ltr'>senam</span> <span class='ocrx_word' id='word_1_54' title='bbox 369 1123 471 1184; x_wconf 87' lang='lat' dir='ltr'>Romae</span> <span class='ocrx_word' id='word_1_55' title='bbox 484 1125 670 1207; x_wconf 81' lang='lat' dir='ltr'>legerentur,</span> <span class='ocrx_word' id='word_1_56' title='bbox 687 1144 741 1185; x_wconf 86' lang='lat' dir='ltr'>eos</span> <span class='ocrx_word' id='word_1_57' title='bbox 762 1127 813 1206; x_wconf 89' lang='lat' dir='ltr'>qui</span> <span class='ocrx_word' id='word_1_58' title='bbox 837 1123 886 1184; x_wconf 87' lang='lat' dir='ltr'>ali·</span> 
     </span>
     <span class='ocr_line' id='line_1_10' title="bbox 204 1203 886 1286; baseline -0.001 -21"><span class='ocrx_word' id='word_1_59' title='bbox 204 1207 320 1286; x_wconf 88' lang='lat' dir='ltr'>quando</span> <span class='ocrx_word' id='word_1_60' title='bbox 339 1209 517 1286; x_wconf 80' lang='lat' dir='ltr'>praeconium</span> <span class='ocrx_word' id='word_1_61' title='bbox 537 1203 687 1277; x_wconf 79' lang='lat' dir='ltr'>fecissent,</span> <span class='ocrx_word' id='word_1_62' title='bbox 707 1207 737 1264; x_wconf 94' lang='lat' dir='ltr'>in</span> <span class='ocrx_word' id='word_1_63' title='bbox 765 1205 886 1275; x_wconf 77' lang='lat' dir='ltr'>munici-</span> 
     </span>
     <span class='ocr_line' id='line_1_11' title="bbox 203 1284 886 1368; baseline 0.001 -23"><span class='ocrx_word' id='word_1_64' title='bbox 203 1290 259 1368; x_wconf 89' lang='lat' dir='ltr'>piis</span> <span class='ocrx_word' id='word_1_65' title='bbox 272 1287 441 1347; x_wconf 83' lang='lat' dir='ltr'>decuriones</span> <span class='ocrx_word' id='word_1_66' title='bbox 459 1284 588 1346; x_wconf 86' lang='lat' dir='ltr'>essenon</span> <span class='ocrx_word' id='word_1_67' title='bbox 605 1287 702 1347; x_wconf 88' lang='lat' dir='ltr'>licere.</span> <span class='ocrx_word' id='word_1_68' title='bbox 714 1285 771 1352; x_wconf 78' lang='lat' dir='ltr'>¹De</span> <span class='ocrx_word' id='word_1_69' title='bbox 783 1284 886 1366; x_wconf 82' lang='lat' dir='ltr'>Hispa·</span> 
     </span>
     <span class='ocr_line' id='line_1_12' title="bbox 205 1368 886 1450; baseline -0.001 -23"><span class='ocrx_word' id='word_1_70' title='bbox 205 1369 259 1427; x_wconf 87' lang='lat' dir='ltr'>niis</span> <span class='ocrx_word' id='word_1_71' title='bbox 273 1370 343 1427; x_wconf 88' lang='lat' dir='ltr'>novi</span> <span class='ocrx_word' id='word_1_72' title='bbox 357 1368 449 1426; x_wconf 85' lang='lat' dir='ltr'>nihil:</span> <span class='ocrx_word' id='word_1_73' title='bbox 465 1388 604 1450; x_wconf 81' lang='lat' dir='ltr'>magnum</span> <span class='ocrx_word' id='word_1_74' title='bbox 615 1385 712 1426; x_wconf 90' lang='lat' dir='ltr'>tamen</span> <span class='ocrx_word' id='word_1_75' title='bbox 726 1368 886 1447; x_wconf 31' lang='lat' dir='ltr'>,exercitum</span> 
     </span>
     <span class='ocr_line' id='line_1_13' title="bbox 203 1445 888 1528; baseline 0 -20"><span class='ocrx_word' id='word_1_76' title='bbox 203 1446 377 1528; x_wconf 89' lang='lat' dir='ltr'>Pompeium</span> <span class='ocrx_word' id='word_1_77' title='bbox 388 1449 494 1509; x_wconf 86' lang='lat' dir='ltr'>habere</span> <span class='ocrx_word' id='word_1_78' title='bbox 508 1446 617 1508; x_wconf 85' lang='lat' dir='ltr'>constat</span> <span class='ocrx_word' id='word_1_79' title='bbox 626 1469 635 1508; x_wconf 75' lang='grc' dir='ltr'><strong>ι</strong></span> <span class='ocrx_word' id='word_1_80' title='bbox 643 1467 711 1506; x_wconf 89' lang='lat' dir='ltr'>nam</span> <span class='ocrx_word' id='word_1_81' title='bbox 723 1445 821 1507; x_wconf 85' lang='lat' dir='ltr'>Caesar</span> <span class='ocrx_word' id='word_1_82' title='bbox 829 1446 888 1527; x_wconf 84' lang='lat' dir='ltr'>ipse</span> 
     </span>
     <span class='ocr_line' id='line_1_14' title="bbox 205 1527 890 1609; baseline -0.003 -19"><span class='ocrx_word' id='word_1_83' title='bbox 205 1529 243 1590; x_wconf 88' lang='lat' dir='ltr'>ad</span> <span class='ocrx_word' id='word_1_84' title='bbox 265 1550 320 1590; x_wconf 88' lang='lat' dir='ltr'>nos</span> <span class='ocrx_word' id='word_1_85' title='bbox 347 1532 424 1589; x_wconf 90' lang='lat' dir='ltr'>misit</span> <span class='ocrx_word' id='word_1_86' title='bbox 451 1529 617 1609; x_wconf 84' lang='lat' dir='ltr'>exemplum</span> <span class='ocrx_word' id='word_1_87' title='bbox 640 1527 761 1588; x_wconf 81' lang='lat' dir='ltr'>Paciaeci</span> <span class='ocrx_word' id='word_1_88' title='bbox 786 1529 890 1588; x_wconf 87' lang='lat' dir='ltr'>littera·</span> 
     </span>
     <span class='ocr_line' id='line_1_15' title="bbox 205 1605 889 1691; baseline 0 -21"><span class='ocrx_word' id='word_1_89' title='bbox 205 1631 289 1682; x_wconf 90' lang='lat' dir='ltr'>rum,</span> <span class='ocrx_word' id='word_1_90' title='bbox 309 1611 337 1669; x_wconf 87' lang='lat' dir='ltr'>in</span> <span class='ocrx_word' id='word_1_91' title='bbox 352 1631 410 1691; x_wconf 92' lang='lat' dir='ltr'>quo</span> <span class='ocrx_word' id='word_1_92' title='bbox 430 1627 510 1679; x_wconf 88' lang='lat' dir='ltr'>erat,</span> <span class='ocrx_word' id='word_1_93' title='bbox 527 1611 569 1670; x_wconf 89' lang='lat' dir='ltr'>illi</span> <span class='ocrx_word' id='word_1_94' title='bbox 583 1608 721 1669; x_wconf 88' lang='lat' dir='ltr'>undecim</span> <span class='ocrx_word' id='word_1_95' title='bbox 733 1605 828 1669; x_wconf 78' lang='lat' dir='ltr'>essese</span> <span class='ocrx_word' id='word_1_96' title='bbox 848 1611 889 1670; x_wconf 86' lang='lat' dir='ltr'>&#39;o-</span> 
     </span>
     <span class='ocr_line' id='line_1_16' title="bbox 205 1688 888 1772; baseline -0.003 -20"><span class='ocrx_word' id='word_1_97' title='bbox 205 1711 268 1752; x_wconf 85' lang='lat' dir='ltr'>nes.</span> <span class='ocrx_word' id='word_1_98' title='bbox 283 1690 540 1772; x_wconf 72' lang='lat' dir='ltr'>Scripserat&#39;etiam</span> <span class='ocrx_word' id='word_1_99' title='bbox 560 1689 690 1752; x_wconf 76' lang='lat' dir='ltr'>Messalla</span> <span class='ocrx_word' id='word_1_100' title='bbox 708 1688 753 1768; x_wconf 87' lang='lat' dir='ltr'>Q.</span> <span class='ocrx_word' id='word_1_101' title='bbox 765 1688 813 1750; x_wconf 85' lang='lat' dir='ltr'>Sa]</span> <span class='ocrx_word' id='word_1_102' title='bbox 851 1711 888 1766; x_wconf 89' lang='lat' dir='ltr'>o,</span> 
     </span>
     <span class='ocr_line' id='line_1_17' title="bbox 205 1768 889 1852; baseline -0.001 -20"><span class='ocrx_word' id='word_1_103' title='bbox 205 1770 238 1833; x_wconf 84' lang='lat' dir='ltr'>P.</span> <span class='ocrx_word' id='word_1_104' title='bbox 258 1770 389 1833; x_wconf 87' lang='lat' dir='ltr'>Curtium</span> <span class='ocrx_word' id='word_1_105' title='bbox 412 1773 528 1834; x_wconf 86' lang='lat' dir='ltr'>fratrem</span> <span class='ocrx_word' id='word_1_106' title='bbox 544 1770 630 1850; x_wconf 83' lang='lat' dir='ltr'>ejus,</span> <span class='ocrx_word' id='word_1_107' title='bbox 647 1768 720 1851; x_wconf 82' lang='lat' dir='ltr'>jussu</span> <span class='ocrx_word' id='word_1_108' title='bbox 737 1771 889 1852; x_wconf 84' lang='lat' dir='ltr'>Pompeii,</span> 
     </span>
     <span class='ocr_line' id='line_1_18' title="bbox 204 1850 889 1934; baseline -0.001 -21"><span class='ocrx_word' id='word_1_109' title='bbox 204 1851 378 1933; x_wconf 75' lang='lat' dir='ltr'>inspesiante</span> <span class='ocrx_word' id='word_1_110' title='bbox 400 1858 553 1927; x_wconf 83' lang='lat' dir='ltr'>exercitu,</span> <span class='ocrx_word' id='word_1_111' title='bbox 579 1851 790 1925; x_wconf 72' lang='lat' dir='ltr'>intersesium‚</span> <span class='ocrx_word' id='word_1_112' title='bbox 813 1850 889 1934; x_wconf 79' lang='lat' dir='ltr'>quod</span> 
     </span>
     <span class='ocr_line' id='line_1_19' title="bbox 206 1933 890 2015; baseline 0 -22"><span class='ocrx_word' id='word_1_113' title='bbox 206 1933 389 1995; x_wconf 85' lang='lat' dir='ltr'>consensisset</span> <span class='ocrx_word' id='word_1_114' title='bbox 410 1955 477 1994; x_wconf 87' lang='lat' dir='ltr'>cum</span> <span class='ocrx_word' id='word_1_115' title='bbox 499 1933 633 2015; x_wconf 90' lang='lat' dir='ltr'>Hispanis</span> <span class='ocrx_word' id='word_1_116' title='bbox 655 1933 848 2015; x_wconf 87' lang='lat' dir='ltr'>quibusdam,</span> <span class='ocrx_word' id='word_1_117' title='bbox 865 1933 890 1994; x_wconf 85' lang='lat' dir='ltr'>si</span> 
     </span>
     <span class='ocr_line' id='line_1_20' title="bbox 206 2014 890 2097; baseline -0.001 -22"><span class='ocrx_word' id='word_1_118' title='bbox 206 2017 237 2075; x_wconf 91' lang='lat' dir='ltr'>in</span> <span class='ocrx_word' id='word_1_119' title='bbox 257 2015 400 2097; x_wconf 89' lang='lat' dir='ltr'>oppidum</span> <span class='ocrx_word' id='word_1_120' title='bbox 411 2015 598 2096; x_wconf 88' lang='lat' dir='ltr'>nescioquod</span> <span class='ocrx_word' id='word_1_121' title='bbox 610 2015 765 2096; x_wconf 86' lang='lat' dir='ltr'>Pompeius</span> <span class='ocrx_word' id='word_1_122' title='bbox 775 2018 818 2077; x_wconf 89' lang='lat' dir='ltr'>rei</span> <span class='ocrx_word' id='word_1_123' title='bbox 831 2014 890 2074; x_wconf 79' lang='lat' dir='ltr'>fru-</span> 
     </span>
     <span class='ocr_line' id='line_1_21' title="bbox 207 2095 890 2171; baseline 0.001 -16"><span class='ocrx_word' id='word_1_124' title='bbox 207 2099 353 2157; x_wconf 87' lang='lat' dir='ltr'>mentariae</span> <span class='ocrx_word' id='word_1_125' title='bbox 367 2095 682 2171; x_wconf 70' lang='lat' dir='ltr'>causdvenisiet,eum</span> <span class='ocrx_word' id='word_1_126' title='bbox 693 2117 761 2157; x_wconf 91' lang='lat' dir='ltr'>com</span> <span class='ocrx_word' id='word_1_127' title='bbox 784 2097 890 2157; x_wconf 87' lang='lat' dir='ltr'>rehen-</span> 
     </span>
     <span class='ocr_line' id='line_1_22' title="bbox 207 2176 890 2257; baseline 0.004 -21"><span class='ocrx_word' id='word_1_128' title='bbox 207 2176 296 2251; x_wconf 86' lang='lat' dir='ltr'>dere,</span> <span class='ocrx_word' id='word_1_129' title='bbox 315 2178 351 2236; x_wconf 85' lang='lat' dir='ltr'>ad</span> <span class='ocrx_word' id='word_1_130' title='bbox 368 2176 569 2257; x_wconf 78' lang='lat' dir='ltr'>Caesaremque</span> <span class='ocrx_word' id='word_1_131' title='bbox 593 2178 747 2238; x_wconf 81' lang='lat' dir='ltr'>deducere.</span> <span class='ocrx_word' id='word_1_132' title='bbox 803 2198 819 2238; x_wconf 89' lang='lat' dir='ltr'>e</span> <span class='ocrx_word' id='word_1_133' title='bbox 841 2196 890 2239; x_wconf 87' lang='lat' dir='ltr'>ne·</span> 
     </span>
     <span class='ocr_line' id='line_1_23' title="bbox 206 2257 890 2339; baseline 0.004 -23"><span class='ocrx_word' id='word_1_134' title='bbox 206 2259 288 2339; x_wconf 82' lang='lat' dir='ltr'>gotio</span> <span class='ocrx_word' id='word_1_135' title='bbox 305 2273 376 2330; x_wconf 89' lang='lat' dir='ltr'>tuo,</span> <span class='ocrx_word' id='word_1_136' title='bbox 392 2260 472 2337; x_wconf 77' lang='lat' dir='ltr'>quod</span> <span class='ocrx_word' id='word_1_137' title='bbox 488 2257 606 2338; x_wconf 89' lang='lat' dir='ltr'>sponsor</span> <span class='ocrx_word' id='word_1_138' title='bbox 619 2280 652 2319; x_wconf 89' lang='lat' dir='ltr'>es</span> <span class='ocrx_word' id='word_1_139' title='bbox 660 2280 713 2338; x_wconf 91' lang='lat' dir='ltr'>pro</span> <span class='ocrx_word' id='word_1_140' title='bbox 727 2257 890 2339; x_wconf 79' lang='lat' dir='ltr'>Pompeio,</span> 
     </span>
     <span class='ocr_line' id='line_1_24' title="bbox 206 2335 887 2419; baseline 0.003 -23"><span class='ocrx_word' id='word_1_141' title='bbox 206 2339 230 2397; x_wconf 86' lang='lat' dir='ltr'>si</span> <span class='ocrx_word' id='word_1_142' title='bbox 252 2335 349 2398; x_wconf 84' lang='lat' dir='ltr'>Galba</span> <span class='ocrx_word' id='word_1_143' title='bbox 365 2339 541 2419; x_wconf 88' lang='lat' dir='ltr'>consponsor</span> <span class='ocrx_word' id='word_1_144' title='bbox 562 2358 626 2400; x_wconf 89' lang='lat' dir='ltr'>tuus</span> <span class='ocrx_word' id='word_1_145' title='bbox 644 2340 782 2413; x_wconf 88' lang='lat' dir='ltr'>redierit,</span> <span class='ocrx_word' id='word_1_146' title='bbox 802 2340 887 2400; x_wconf 85' lang='lat' dir='ltr'>homo</span> 
     </span>
     <span class='ocr_line' id='line_1_25' title="bbox 206 2418 889 2502; baseline 0.001 -25"><span class='ocrx_word' id='word_1_147' title='bbox 206 2419 237 2477; x_wconf 91' lang='lat' dir='ltr'>in</span> <span class='ocrx_word' id='word_1_148' title='bbox 257 2438 288 2478; x_wconf 88' lang='lat' dir='ltr'>re</span> <span class='ocrx_word' id='word_1_149' title='bbox 307 2418 437 2479; x_wconf 79' lang='lat' dir='ltr'>familiari</span> <span class='ocrx_word' id='word_1_150' title='bbox 454 2442 514 2481; x_wconf 91' lang='lat' dir='ltr'>non</span> <span class='ocrx_word' id='word_1_151' title='bbox 535 2442 637 2502; x_wconf 91' lang='lat' dir='ltr'>parum</span> <span class='ocrx_word' id='word_1_152' title='bbox 658 2421 809 2501; x_wconf 83' lang='lat' dir='ltr'>diligens,</span> <span class='ocrx_word' id='word_1_153' title='bbox 831 2439 889 2479; x_wconf 88' lang='lat' dir='ltr'>non</span> 
     </span>
     <span class='ocr_line' id='line_1_26' title="bbox 206 2498 889 2582; baseline 0.001 -24"><span class='ocrx_word' id='word_1_154' title='bbox 206 2499 338 2559; x_wconf 89' lang='lat' dir='ltr'>desinam</span> <span class='ocrx_word' id='word_1_155' title='bbox 362 2522 428 2561; x_wconf 90' lang='lat' dir='ltr'>cum</span> <span class='ocrx_word' id='word_1_156' title='bbox 445 2502 498 2563; x_wconf 89' lang='lat' dir='ltr'>illo</span> <span class='ocrx_word' id='word_1_157' title='bbox 514 2503 751 2574; x_wconf 86' lang='lat' dir='ltr'>communicare,</span> <span class='ocrx_word' id='word_1_158' title='bbox 779 2504 803 2561; x_wconf 90' lang='lat' dir='ltr'>si</span> <span class='ocrx_word' id='word_1_159' title='bbox 823 2498 889 2582; x_wconf 91' lang='lat' dir='ltr'>quid</span> 
     </span>
     <span class='ocr_line' id='line_1_27' title="bbox 206 2582 887 2663; baseline 0 -22"><span class='ocrx_word' id='word_1_160' title='bbox 206 2582 338 2659; x_wconf 86' lang='lat' dir='ltr'>expediri</span> <span class='ocrx_word' id='word_1_161' title='bbox 357 2586 448 2661; x_wconf 87' lang='lat' dir='ltr'>possit</span> <span class='ocrx_word' id='word_1_162' title='bbox 466 2605 474 2656; x_wconf 82' lang='lat'>3</span> <span class='ocrx_word' id='word_1_163' title='bbox 494 2584 575 2663; x_wconf 92' lang='lat' dir='ltr'>quod</span> <span class='ocrx_word' id='word_1_164' title='bbox 590 2582 742 2643; x_wconf 88' lang='lat' dir='ltr'>videbatur</span> <span class='ocrx_word' id='word_1_165' title='bbox 758 2582 832 2641; x_wconf 86' lang='lat' dir='ltr'>mihi</span> <span class='ocrx_word' id='word_1_166' title='bbox 841 2582 887 2642; x_wconf 91' lang='lat' dir='ltr'>ille</span> 
     </span>
     <span class='ocr_line' id='line_1_28' title="bbox 206 2660 890 2741; baseline 0.001 -21"><span class='ocrx_word' id='word_1_167' title='bbox 206 2660 365 2723; x_wconf 88' lang='lat' dir='ltr'>confidere.</span> <span class='ocrx_word' id='word_1_168' title='bbox 390 2662 549 2724; x_wconf 86' lang='lat' dir='ltr'>Oratorem</span> <span class='ocrx_word' id='word_1_169' title='bbox 571 2683 670 2724; x_wconf 92' lang='lat' dir='ltr'>meum</span> <span class='ocrx_word' id='word_1_170' title='bbox 696 2681 848 2741; x_wconf 87' lang='lat' dir='ltr'>tantopere</span> <span class='ocrx_word' id='word_1_171' title='bbox 872 2683 890 2721; x_wconf 86' lang='lat' dir='ltr'>a</span> 
     </span>
     <span class='ocr_line' id='line_1_29' title="bbox 196 2743 891 2824; baseline 0 -23"><span class='ocrx_word' id='word_1_172' title='bbox 196 2754 236 2804; x_wconf 72' lang='lat' dir='ltr'>&#39;te</span> <span class='ocrx_word' id='word_1_173' title='bbox 256 2743 371 2823; x_wconf 81' lang='lat' dir='ltr'>probari</span> <span class='ocrx_word' id='word_1_174' title='bbox 387 2744 576 2821; x_wconf 80' lang='lat' dir='ltr'>vehementer</span> <span class='ocrx_word' id='word_1_175' title='bbox 593 2744 719 2824; x_wconf 88' lang='lat' dir='ltr'>gaudeo.</span> <span class='ocrx_word' id='word_1_176' title='bbox 741 2744 817 2802; x_wconf 90' lang='lat' dir='ltr'>Mihi</span> <span class='ocrx_word' id='word_1_177' title='bbox 831 2744 891 2823; x_wconf 90' lang='lat' dir='ltr'>qui·</span> 
     </span>
     <span class='ocr_line' id='line_1_30' title="bbox 205 2823 891 2903; baseline 0.001 -21"><span class='ocrx_word' id='word_1_178' title='bbox 205 2823 275 2883; x_wconf 88' lang='lat' dir='ltr'>dem</span> <span class='ocrx_word' id='word_1_179' title='bbox 296 2826 335 2884; x_wconf 84' lang='lat' dir='ltr'>sic</span> <span class='ocrx_word' id='word_1_180' title='bbox 355 2823 600 2903; x_wconf 30' lang='lat' dir='ltr'>persuadeoame</span> <span class='ocrx_word' id='word_1_181' title='bbox 620 2824 762 2902; x_wconf 90' lang='lat' dir='ltr'>quidquid</span> <span class='ocrx_word' id='word_1_182' title='bbox 783 2825 891 2883; x_wconf 88' lang='lat' dir='ltr'>habue-</span> 
     </span>
     <span class='ocr_line' id='line_1_31' title="bbox 126 2903 890 2983; baseline 0.001 -22"><span class='ocrx_word' id='word_1_183' title='bbox 126 2911 130 2921; x_wconf 85' lang='lat'>&#39;</span> <span class='ocrx_word' id='word_1_184' title='bbox 206 2908 261 2963; x_wconf 86' lang='lat' dir='ltr'>rim</span> <span class='ocrx_word' id='word_1_185' title='bbox 282 2903 379 2983; x_wconf 87' lang='lat' dir='ltr'>judicii</span> <span class='ocrx_word' id='word_1_186' title='bbox 399 2904 435 2963; x_wconf 91' lang='lat' dir='ltr'>de</span> <span class='ocrx_word' id='word_1_187' title='bbox 458 2903 606 2974; x_wconf 86' lang='lat' dir='ltr'>dicendo,</span> <span class='ocrx_word' id='word_1_188' title='bbox 627 2906 655 2961; x_wconf 91' lang='lat' dir='ltr'>in</span> <span class='ocrx_word' id='word_1_189' title='bbox 681 2906 764 2963; x_wconf 89' lang='lat' dir='ltr'>illum</span> <span class='ocrx_word' id='word_1_190' title='bbox 788 2906 890 2964; x_wconf 84' lang='lat' dir='ltr'>librum</span> 
     </span>
    </p>
   </div>
   <div class='ocr_carea' id='block_1_3' title="bbox 207 2982 891 3069">
    <p class='ocr_par' dir='ltr' id='par_1_3' title="bbox 207 2982 891 3069">
     <span class='ocr_line' id='line_1_32' title="bbox 207 2982 891 3069; baseline 0.001 -25"><span class='ocrx_word' id='word_1_191' title='bbox 207 2983 353 3050; x_wconf 77' lang='lat' dir='ltr'>conmlisse</span> <span class='ocrx_word' id='word_1_192' title='bbox 374 3008 381 3048; x_wconf 85' lang='lat'>:</span> <span class='ocrx_word' id='word_1_193' title='bbox 404 2988 452 3067; x_wconf 89' lang='lat' dir='ltr'>qui</span> <span class='ocrx_word' id='word_1_194' title='bbox 477 2987 501 3047; x_wconf 82' lang='lat' dir='ltr'>si</span> <span class='ocrx_word' id='word_1_195' title='bbox 524 2982 565 3047; x_wconf 85' lang='lat' dir='ltr'>est</span> <span class='ocrx_word' id='word_1_196' title='bbox 588 2984 678 3060; x_wconf 81' lang='lat' dir='ltr'>talis,</span> <span class='ocrx_word' id='word_1_197' title='bbox 701 2986 821 3069; x_wconf 82' lang='lat' dir='ltr'>qualem</span> <span class='ocrx_word' id='word_1_198' title='bbox 841 2985 891 3047; x_wconf 84' lang='lat' dir='ltr'>tibi</span> 
     </span>
    </p>
   </div>
   <div class='ocr_carea' id='block_1_4' title="bbox 0 0 1108 3975">
    <p class='ocr_par' dir='ltr' id='par_1_4' title="bbox 0 0 1108 3975">
     <span class='ocr_line' id='line_1_33' title="bbox 0 0 1108 3975; baseline 0 0"><span class='ocrx_word' id='word_1_199' title='bbox 0 0 1108 3975; x_wconf 95' lang='lat' dir='ltr'> </span> 
     </span>
    </p>
   </div>
  </div>
 </body>
</html>
