2184 3975
194 494 196 498 ⁴
283 489 354 558 Ao
367 489 687 561 anzrrmn.
704 491 769 559 VI.
805 466 881 582 259

207 604 390 682 corretionis,
412 617 461 662 aut
489 605 629 682 temporis
650 623 659 674 ;
678 608 798 685 gratiam
824 627 882 667 au·

206 698 280 755 tem,
301 701 389 763 atque
413 679 633 765 auiioritatem
653 705 718 743 cum
742 686 796 744 hac
825 707 879 746 ex-

204 767 336 844 ceptione
352 806 361 835 ,
377 781 516 844 quantum
531 763 667 836 valeam,
683 784 879 846 quantumque

203 846 321 922 possim.
341 843 427 904 Liber
446 860 511 904 tuus
531 843 564 902 &
590 843 678 902 leeius
700 841 762 916 est,
782 846 814 903 &
832 847 880 904 le-

202 925 273 1004 gitur
291 945 310 983 a
331 942 381 995 me
399 923 570 1004 diligenter,
591 923 624 982 &
649 921 802 984 custoditur
817 925 882 984 dili·

201 1004 378 1083 gentiseime.
393 1000 454 1062 Res
472 1002 636 1063 &fortunae
656 1020 713 1061 tuae
732 1004 802 1062 mihi
815 1024 878 1071 ma·

201 1087 281 1147 ximae
308 1101 391 1156 curre⁸
411 1082 474 1143 sunt
492 1103 504 1156 ;
521 1103 585 1164 quae
612 1083 730 1163 quidem
752 1084 883 1164 quotidie

200 1162 343 1237 faciliores
361 1164 432 1224 nihi
452 1163 485 1222 &
496 1164 629 1225 meliores
641 1165 883 1238 videntur‚mul.-

201 1243 287 1325 iisque
309 1243 402 1313 video
429 1264 541 1324 magnae
563 1240 619 1303 effe
639 1264 737 1303 curae:
756 1265 881 1324 quorum

201 1323 368 1397 deihrdio,
386 1323 420 1383 &
436 1323 473 1384 'de
489 1323 537 1383 sua
553 1321 570 1381 s
586 1320 714 1389 efilium,
725 1324 761 1383 ad
774 1343 802 1385 te
815 1345 882 1405 per·

199 1402 335 1486 scripsisse
355 1404 435 1465 certe
455 1402 524 1464 scio.
541 1345 594 1462 riis
606 1421 703 1465 autem
719 1404 755 1464 de
772 1405 880 1479 rebus,

200 1505 269 1566 quas
285 1481 453 1562 conjeeiuri
473 1482 608 1562 consequi
632 1481 797 1563 postumus,
820 1504 881 1551 non

199 1567 268 1627 mihi
284 1564 369 1626 sumo
382 1608 392 1637 ‚
404 1564 509 1644 utplus
521 1567 531 1622 i
553 1563 581 1624 se
595 1562 783 1643 prospiciam,
795 1563 882 1644 quim

199 1662 225 1706 te
244 1645 351 1706 videre
371 1663 455 1725 atque
475 1585 636 1724 mteiiigere
651 1643 722 1702 mihi
738 1643 881 1722 persuase-

198 1728 252 1786 rim
271 1724 349 1785 :sed
367 1740 483 1798 tamen,
504 1727 571 1805 quia
592 1722 653 1784 fieri
670 1721 782 1803 potest,
802 1740 833 1782 ut
850 1741 882 1784 tu

199 1825 232 1866 ea
249 1804 462 1886 perturbatiore
482 1808 579 1863 animo
597 1805 726 1885 cogites,
741 1822 812 1884 puto
825 1801 881 1865 effe

199 1905 322 1958 meum,
343 1884 414 1966 quid
429 1883 568 1957 sentiam,
588 1903 745 1964 exponere.
763 1883 805 1944 Ea
824 1905 881 1944 na·

199 1983 261 2027 tura
281 1986 378 2026 rerum
398 1962 460 2037 est,
481 1965 513 2024 &
535 1967 559 2024 is
582 1981 746 2045 temporum
764 1963 882 2041 cursus,

199 2066 230 2107 ut
247 2067 312 2107 non
304 2047 418 2184 sspossit
425 2043 478 2104 ista
494 2061 543 2105 aut
559 2045 628 2117 tibi,
647 2062 695 2104 aut
707 2048 808 2105 ceteris
823 2045 883 2105 for-

327 2146 344 2187 e

199 2121 269 2188 tuna
286 2147 304 2187 e
366 2126 496 2192 diuturna
510 2121 521 2197 ‘3
541 2144 635 2203 neque
656 2126 763 2184 haerere
779 2127 809 2182 in
822 2145 882 2185 tam

199 2206 278 2276 bona
297 2204 379 2265 causa
388 2250 400 2278 ,
422 2205 455 2267 &
469 2208 500 2263 in
523 2222 583 2264 tam
602 2206 685 2266 bonis
699 2205 809 2264 civibus
822 2224 882 2265 tam

199 2288 305 2349 acerba
315 2284 425 2364 injuria.
438 2283 541 2363 Quare
553 2285 590 2343 ad
604 2305 669 2345 eam
682 2282 782 2364 spem,
794 2306 882 2366 quam

200 2386 282 2428 extra
300 2366 435 2427 ordinem
453 2366 490 2425 de
508 2382 538 2425 te
560 2364 624 2444 ipso
644 2365 804 2438 habemus,
821 2388 882 2426 non

200 2447 293 2507 solium
307 2463 427 2528 propter
436 2446 605 2527 dignitatem
617 2445 648 2504 &
656 2448 792 2503 virtutem
803 2463 882 2505 tuam

201 2526 288 2607 [hec
299 2530 379 2588 enim
391 2543 563 2586 ornamenta
577 2523 639 2585 sunt
651 2525 705 2584 tibi
719 2527 883 2585 etiamtum

205 2607 264 2668 aliis
280 2605 468 2686 communia)
490 2605 633 2674 accedunt
652 2621 703 2685 tua
720 2607 884 2685 praecipua,

204 2706 325 2767 proter
354 2690 492 2766 eximium
513 2688 662 2766 ingenium
688 2684 885 2764 summamque

206 2710 423 2839 etuXitionem3
443 2768 510 2839 cui,
527 2766 723 2838 mehercules,
743 2766 812 2838 hic,
830 2786 882 2832 ως

205 2843 248 2925 ius
267 2852 298 2907 in
319 2846 459 2928 potestate
482 2845 607 2921 sumus,
630 2846 752 2906 multum
776 2845 883 2904 tribuit.

206 2925 303 3007 ltaque
325 2947 361 2988 ne
390 2925 526 3003 punitum
550 2927 667 3007 quidem
691 2925 830 3000 temporis
851 2925 883 3003 in

208 3005 254 3067 ista
265 3007 380 3072 fortuna
392 3004 487 3068 fuiffes
500 3052 511 3083 ,
528 3009 586 3067 nisi
597 3004 707 3087 eo'ipso
719 3004 799 3064 bono
810 3017 883 3079 tuo,
