2184 3975
286 529 356 599 An
369 530 687 602 Famrcznalrn.
704 535 767 605 Vl.
807 553 885 628 245

198 646 256 706 tibi
274 645 390 727 semper
403 645 518 708 suerunt
540 647 618 708 casus
639 653 707 710 mei.
728 649 829 730 Itaque
850 651 885 711 &

199 725 441 803 Postumuleno,
474 729 507 788 &
527 727 650 801 Sextio,
680 731 712 789 &
731 730 886 811 saepissime

200 807 304 868 Attico
327 806 445 882 nostro,
464 808 657 888 proximeque
677 809 828 884 Theudae,
846 813 888 870 li-

201 888 294 948 berto·
307 907 379 962 tuo,
401 905 495 950 totum
524 910 573 950 me
596 888 720 968 patefeci
739 909 748 963 ;
776 891 807 949 δι
825 892 899 964 118εέ

202 969 250 1028 his
281 968 399 1051 singulis
427 968 502 1049 saepe
526 970 615 1041 dixi,
648 990 828 1051 quacumque
856 991 889 1031 re

203 1046 343 1131 pulsem,
363 1069 411 1110 me
427 1050 479 1110 tibi
496 1049 527 1109 &
542 1051 637 1110 liberis
655 1053 711 1110 tuis
727 1051 889 1112 satisfacere

204 1149 335 1211 cupete;
357 1129 445 1210 idque
464 1148 495 1190 tu
514 1131 551 1190 ad
571 1150 636 1193 tuos
653 1132 744 1193 velim
763 1131 890 1206 scribas,
956 1202 958 1206 ἱ

204 1211 270 1270 baec
305 1209 425 1292 quidem
454 1212 562 1283 certe,
590 1232 653 1292 quae
683 1214 713 1271 in
746 1211 891 1292 potestate

205 1311 275 1352 mea
293 1289 378 1364 sunt,
399 1307 431 1351 ut
449 1311 593 1371 operam,
612 1292 785 1368 consilium,
804 1314 890 1368 rem,

208 1370 300 1433 fidem
312 1390 407 1450 meam
419 1371 473 1430 sibi
482 1373 519 1431 ad
527 1391 629 1432 omnes
640 1393 684 1432 res
696 1390 823 1452 paratam
834 1396 890 1454 pu-

207 1468 282 1512 tent.
304 1450 336 1512 si
355 1449 519 1514 audoritate
541 1452 572 1512 &
596 1453 686 1533 gratid
702 1453 892 1533 tantumpos·

207 1531 293 1607 sem,
316 1551 456 1613 quantum
478 1536 508 1593 in
530 1553 566 1593 ea
585 1533 756 1612 republica,
775 1535 812 1594 de
834 1555 892 1614 qua

206 1615 246 1672 ita
264 1615 384 1674 meritus
399 1612 482 1684 sum,
498 1611 578 1694 posse
593 1612 751 1687 deberem,
767 1629 798 1672 tu
815 1635 892 1694 quo-

208 1713 263 1776 que
283 1694 306 1752 is
324 1691 417 1768 elles,
433 1696 482 1775 qui
496 1691 590 1766 fuisti,
603 1714 693 1774 quum
707 1697 787 1754 omni
801 1693 892 1776 gradu

210 1775 390 1855 amplissimo
413 1775 613 1856 dignissimus,
633 1793 695 1848 tum
717 1777 794 1836 certe
816 1775 918 1835 ordi-c

209 1858 251 1914 nis
268 1858 314 1915 tui
333 1855 415 1915 facile
454 1858 576 1935 rinceps.
598 1853 656 1914 Sed
696 1877 765 1916 uum
785 1855 893 1916 eodem

212 1953 366 2018 tempore,
390 1877 550 2018 eademque
574 1936 609 1995 de
630 1877 710 1996 carisa
731 1982 741 2011 ,
764 1935 892 1997 nostrinn

211 2036 331 2099 uterque
361 2018 486 2091 cecidit,
512 2018 564 2077 tibi
590 2017 622 2076 ὃ(
648 2018 696 2077 illa
719 2019 894 2098 polliceor,

240 2111 274 2157 'ae
294 2096 380 2178 suprd
398 2096 515 2177 scripsi,
535 2119 597 2177 quae
618 2096 681 2157 sunt
698 2098 790 2157 adhuc
806 2118 895 2171 mea;

258 2198 296 2239 ea
310 2222 320 2251 ,
336 2198 400 2257 quae
418 2196 557 2257 praeterea
577 2177 681 2238 videor
704 2179 774 2237 mibi
789 2199 825 2238 ex
842 2179 896 2238 ali-

212 2280 265 2340 qua
285 2276 370 2339 parte
386 2262 527 2334 retinere,
548 2277 696 2338 tamquam
714 2280 750 2319 ex
768 2261 896 2339 reliquiis

213 2337 336 2419 pristinae
356 2338 510 2421 dignitatis.
530 2337 634 2419 Neque
653 2342 731 2399 enim
751 2340 809 2419 ipse
830 2338 897 2400 Cae·

214 2419 283 2495 sar,
311 2435 345 2479 ut
368 2420 464 2480 multis
494 2418 580 2479 rebus
605 2421 765 2499 intelligere
790 2425 898 2499 potui,

156 2543 158 2558 .
216 2499 252 2561 est
268 2502 381 2561 alienus
398 2498 535 2574 anobis,
558 2500 589 2558 &
608 2521 711 2560 omnes
729 2500 790 2559 sere
807 2500 897 2560 sami-

215 2580 355 2641 liarissimi
388 2578 480 2657 ejus,
519 2583 599 2659 quasi
631 2579 756 2641 devinsli
784 2586 897 2663 magnis

217 2664 286 2723 meis
302 2662 451 2722 veteribus
471 2658 593 2734 officiis,
612 2682 660 2720 me
678 2662 827 2743 diligenter
842 2662 900 2719 ob-

219 2740 331 2801 servant
353 2741 386 2800 &
404 2744 513 2800 colunt.
530 2738 630 2820 Itaque
648 2744 672 2800 si
687 2746 736 2821 qui
758 2742 827 2800 mibi
843 2742 898 2801 erit

220 2821 306 2881 aditus
331 2820 369 2881 de
391 2824 446 2881 tuis
468 2820 618 2896 fortunis,
642 2822 672 2882 id
698 2820 763 2896 est,
795 2820 831 2881 de
851 2840 899 2878 tua

220 2902 436 2973 incolumitate,
449 2904 479 2960 in
495 2923 553 2983 qua
566 2901 629 2962 sunt
646 2905 760 2973 omnia,
777 2899 902 2980 agendi,

238 2980 296 3041 uod
325 2980 444 3062 quidem
469 2983 598 3061 quotidie
624 2986 714 3063 magis
739 3002 774 3040 ex
798 2999 902 3039 eorum

231 3060 396 3155 =unionibus
411 3061 540 3127 adducor
557 3081 589 3127 ut
602 3061 715 3147 sperem
724 3079 832 3201 ,Lageam
847 3078 902 3141 per

772 3160 808 3221 up
