2184 3975
234 483 640 556 AuFAnrmAn.L1r.
657 488 717 557 VI.
750 505 824 586 243

134 622 162 662 Ψ
209 619 258 691 Μ.
288 627 326 691 T.
358 626 396 690 C.
422 626 643 691 Turenum
668 630 698 693 S.
726 631 768 694 D.

138 762 330 819 ,meantum
358 761 461 832 exsulem
484 759 528 831 spe
555 782 603 814 nen
631 763 702 814 dubie
725 767 830 823 meliore

214 835 322 904 stitture
343 835 490 906 consolatur.
506 839 580 888 Anno
598 836 631 887 U.
651 840 678 888 C·
699 857 756 904 7⁰7·

146 1024 195 1068 ιο.
209 936 385 1074 eleuter
406 1004 542 1069 misissem
561 1007 598 1068 ad
619 1025 650 1071 te
665 1007 794 1084 litteras,
807 1013 831 1073 si

143 1106 237 1171 genus
274 1088 415 1151 scribendi
446 1092 639 1150 invenirem:
669 1091 719 1151 tali
742 1095 830 1152 enim
906 1102 909 1105 ’

141 1187 313 1250 tempore,
344 1189 392 1235 aut
415 1170 556 1231 consolari
575 1172 735 1233 amicorum
753 1171 830 1250 est,
886 1173 888 1177 ’

140 1268 195 1310 aut
216 1251 357 1330 polliceri.
382 1248 592 1312 Consolatione
614 1274 674 1312 non
696 1254 830 1329 utebar,

139 1331 225 1472 quod
245 1351 283 1392 ex
303 1332 400 1409 miultis
415 1331 593 1407 audiebam,
612 1333 698 1414 quim
715 1333 831 1396 fortiter

156 1414 346 1493 apienterque
370 1411 462 1478 serres
482 1411 617 1487 iniuriam
636 1432 829 1493 temporum,

166 1494 291 1573 uimque
301 1510 332 1553 ¹>te
344 1494 537 1555 vehementer
552 1493 747 1554 consolaretur
760 1516 830 1556 con·

139 1514 262 1639 letenna
278 1572 418 1636 satior-um
435 1575 468 1635 &
489 1574 677 1636 consiliorum
694 1590 830 1638 tuorum:

140 1653 226 1724 ,uod
247 1655 368 1735 quidem
385 1659 409 1716 si
427 1653 525 1729 facis,
546 1675 686 1738 magnum
705 1653 829 1717 frudun

139 1676 304 1803 lludiorum
316 1739 499 1817 optimorum
513 1739 593 1817 capis
606 1783 615 1809 ‚
630 1738 660 1795 in
677 1736 781 1816 quibus
798 1756 829 1799 te

143 1815 259 1898 semper
279 1816 338 1880 scio
362 1816 418 1879 effe
438 1817 604 1891 versatum3
623 1818 711 1898 idque
733 1835 764 1878 ut
784 1817 829 1878 fa·
888 1817 891 1821 ’

145 1900 227 1972 cias,
247 1901 336 1958 etiam
349 1913 439 1980 ‘atque
458 1902 546 1960 etiam
562 1918 591 1959 te
608 1899 719 1958 hortor.
736 1897 827 1965 Simul

145 1978 176 2039 &
195 1978 268 2038 illud
284 1979 358 2052 tibi,
384 1980 496 2040 homini
513 1981 688 2061 peritissimo
708 2000 828 2055 rerum,

146 2060 178 2121 ὃ(
194 2060 418 2141 exemplorum,
439 2063 471 2122 &
488 2065 583 2121 omnis
602 2058 771 2133 vetustatis,
789 2082 826 2122 ne

140 2140 205 2202 ise
246 2142 345 2203 uidem
363 2144 469 2217 rudis,
498 2140 548 2201 sed
569 2144 599 2200 in
620 2140 713 2212 studio
733 2144 828 2205 minus

145 2162 283 2297 lltrtelle,
299 2223 387 2306 quim
401 2223 531 2295 vellem,
549 2239 577 2281 at
594 2224 624 2281 in
639 2221 723 2286 rebus
739 2240 827 2305 atque

145 2302 197 2364 usu
218 2304 285 2385 plus
308 2307 396 2365 etiam
419 2305 506 2387 quim
529 2303 659 2377 vellem,
677 2304 829 2380 versatus,

141 2384 302 2465 spondeo,
319 2385 372 2447 tibi
393 2382 473 2445 istam
491 2384 677 2445 acerbitatem
698 2385 732 2444 8(
749 2383 828 2463 inju-
914 2440 917 2446 .

146 2468 216 2526 riam
243 2486 305 2527 non
329 2466 491 2527 diuturnam
514 2463 589 2526 fore.
618 2464 695 2525 Nam
712 2465 742 2526 ἃ
767 2470 828 2547 ipse

143 2548 194 2627 qui
214 2548 372 2628 plurimum
395 2546 509 2629 potest,
530 2545 660 2626 quotidie
680 2546 752 2606 mihi
770 2548 829 2608 de·

147 2627 203 2687 labi
224 2628 263 2688 ad
287 2631 451 2709 aequitatem
473 2628 506 2687 &
528 2627 677 2689 adrerum
695 2642 828 2688 naturam

147 2708 284 2782 videtur3
306 2709 338 2767 δι
366 2709 425 2789 ipsa
450 2708 530 2769 causa
555 2728 590 2769 ea
619 2707 659 2769 est
679 2753 689 2781 ,
712 2726 744 2768 ut
770 2706 830 2785 jam

148 2790 232 2850 simul
247 2809 314 2850 cum
331 2790 497 2871 republica,
516 2809 581 2870 quae
594 2791 632 2861 ‚in
654 2805 829 2870 perpetuum

149 2866 243 2947 jacere
266 2890 327 2930 non
349 2869 464 2950 potest,
481 2869 636 2932 necessario
657 2867 828 2940 reviviscat,

149 2967 234 3032 atque
259 2969 424 3012 recreetur:
449 2952 638 3033 quotidieque
661 2948 766 3028 aliquid
795 2945 827 3007 fit

148 3028 238 3097 lenius
269 3032 303 3097 &
329 3032 502 3107 liberalius,
528 3031 617 3114 quim
647 3029 828 3169 tilqncltamus

706 3130 726 3189 ¹1
