2184 3975
281 359 359 444 '3¹2
375 318 516 416 Error.
535 358 598 413 At>
614 343 763 414 Μαι.
779 341 818 411 L.
838 337 912 410 Vll.

281 464 380 522 omnia
398 460 469 520 mihi
491 474 597 531 erunt,
622 458 646 517 si
667 473 699 517 tu
720 458 839 518 veneris
855 499 866 530 ,
884 454 952 515 illas

281 543 375 601 riora:
397 560 573 621 quamquam
587 540 705 612 venies,
721 555 755 598 ut
771 535 833 618 ipse
852 535 952 598 intelli·

283 623 347 703 gis,
359 626 389 681 in
401 622 591 680 maximarum
602 620 681 698 quasi
695 615 868 678 concursum
879 636 953 677 octu-

282 704 457 781 patiouumj
472 721 543 782 quas
557 701 602 769 si,
617 715 650 758 ut
663 698 820 773 volumus,
837 716 953 777 excepe·

281 783 392 855 rimus,
412 801 468 864 ego
481 780 555 842 verb
569 779 689 839 multam
705 776 881 861 salutemq&
896 776 954 837 foro

283 861 377 921 dicam
401 863 434 922 &
454 864 561 932 curiae,
587 860 744 939 vivamque
765 877 866 920 tecum
884 859 964 940 utul-¹

281 957 362 1014 turn,
381 943 413 1000 &
430 960 496 1000 cum
512 940 715 1001 communibus
727 938 833 1000 nostris
851 956 958 999 amato·

281 1022 368 1080 ribus.
392 1019 468 1080 Nam
491 1017 662 1080 &Cassius
683 1037 779 1095 tuus,
809 1021 844 1081 &
868 1019 959 1080 Dola·

228 1124 230 1129 ·
280 1101 356 1160 bella
373 1098 493 1173 noster,
510 1101 562 1162 vel
584 1096 682 1180 potius
703 1113 827 1183 uterque
839 1097 967 1174 'noster,'

278 1179 376 1241 studiis
398 1179 497 1240 iisdem
520 1197 683 1254 tenentur,
710 1181 743 1242 &
763 1184 840 1242 meis
860 1183 960 1262 aquis·

281 1263 360 1321 simis
383 1263 501 1322 utuntur
522 1261 646 1322 auribus.
668 1258 757 1340 Opus
778 1259 821 1322 est
843 1261 899 1322 huc
923 1262 961 1321 li·

282 1342 391 1402 matulo
414 1343 446 1403 &
465 1341 559 1422 polito
575 1358 627 1400 tuo
645 1337 780 1418 judicio,
800 1342 836 1401 &
850 1342 906 1402 illis
920 1345 962 1401 irr-

281 1424 432 1483 terioribus
449 1423 572 1496 litteris,
596 1421 697 1503 quibus
716 1420 794 1502 saepe
816 1441 961 1484 verecun-

281 1503 393 1564 diorem
414 1506 508 1564 mein
527 1502 676 1584 loquendo
694 1501 775 1563 facis.
793 1501 873 1562 Mihi
885 1505 962 1564 euim

280 1581 439 1662 judicatum
462 1581 531 1656 est,
562 1582 697 1643 simodo
718 1582 777 1644 hoc
799 1581 899 1645 cesar
916 1602 963 1658 aut

282 1666 427 1744 parietur,
455 1680 504 1724 aut
517 1662 620 1736 volet,
640 1661 677 1722 de
699 1682 788 1725 onere
807 1664 891 1725 illam
905 1661 963 1742 jam

280 1744 455 1882 gersonem,
475 1747 506 1803 in
525 1765 582 1825 qua
599 1761 645 1802 me
667 1684 740 1824 lgpe
756 1743 799 1805 illi
818 1747 876 1825 ipsi
894 1766 963 1826 pro-

302 1827 368 1898 avi,
391 1844 493 1884 acme
517 1841 614 1884 toturn
640 1825 670 1882 in
694 1824 802 1886 litteras
827 1826 962 1903 abdere,

280 1919 435 1987 tecumque
456 1904 488 1964 δι
507 1925 574 1964 curn
591 1903 694 1964 ceteris
708 1924 809 1966 earum
831 1903 961 1969 studiosis

185 2019 189 2028 ·
281 1986 482 2046 honestissimo
502 1989 566 2046 otio
582 1984 699 2066 perfrui.
717 1983 766 2047 Tu
781 1988 911 2064 vellem,
924 2008 960 2050 ne

279 2069 387 2125 veritus
407 2065 500 2139 effes,
517 2087 555 2126 ne
573 2068 729 2147 perinvitus
750 2068 883 2149 legerem
899 2087 957 2130 tuas

279 2144 408 2217 litteras,
423 2147 447 2206 si
463 2146 532 2204 milri
551 2145 564 2226 (
579 2147 829 2228 quemadmodum
844 2148 960 2232 scribis)

279 2223 426 2306 longiores
442 2224 517 2286 forte
536 2227 671 2289 misisses:
687 2250 721 2287 ac
735 2228 830 2289 velim
847 2229 960 2310 posthae
1004 2245 1005 2274 ³

280 2308 322 2365 sic
343 2303 468 2380 statuas,
487 2324 550 2367 tuas
567 2309 637 2368 mihi
654 2309 761 2369 litteras
777 2309 959 2393 longissimas
1004 2367 1005 2374 ,

279 2385 422 2469 quasque,
442 2391 614 2472 gratissimas
634 2389 709 2450 fore.
733 2388 823 2453 vale.
1004 2383 1005 2390 ἵ
