2184 3975
302 500 371 569 An
390 501 613 570 FAMILIAR.
631 501 717 571 Lm.
738 503 787 575 X.
823 520 898 597 451

217 614 329 690 nescis,
344 615 397 677 tibi
412 612 552 698 ignosc05
568 635 622 676 nos
639 617 669 676 in
685 616 770 697 culpa
787 616 901 680 sumus:

216 698 263 756 'sin
283 697 439 780 intelligis13
462 696 520 756 ulla
537 697 589 757 'tibi
612 695 653 757 est
672 715 822 777 praetura,
850 699 901 760 vel

216 775 340 854 officio,
366 778 446 858 quod
470 779 583 858 pauci,
609 777 659 858 vel
678 779 789 900 pionii,
810 793 900 919 poam

215 878 321 921 omnes
344 858 373 921 se
414 872 529 933 untur,
556 857 688 918 dulcior.
725 858 790 919 Hac
831 873 899 921 e're

214 937 249 999 δι
268 957 351 1023 ego,
430 937 600 1013 Calvisius,
620 939 712 1000 horno
730 942 828 1022 magni
849 937 900 1017 iu-

212 1018 305 1092 dicii,
322 1023 364 1082 tui
385 1041 422 1081 ne
440 1021 670 1095 amantissimus,
688 1035 717 1081 te
733 1020 900 1082 accusamus

211 1101 355 1182 quotidie.
364 1042 504 1163 tiiomitia
521 1117 642 1176 tamen,
663 1101 779 1184 quando
800 1122 837 1162 ex
854 1101 898 1161 hia

212 1181 346 1265 pendes,
363 1200 501 1264 quantum
518 1181 615 1242 facere
631 1181 796 1263 postumus,
816 1183 898 1264 quod

211 1263 310 1324 multis
344 1262 382 1326 de
411 1265 501 1324 causis
533 1264 700 1342 reipublicae
728 1265 898 1323 arbitramur

210 1344 376 1407 conducere
396 1390 407 1419 ‚
439 1346 469 1402 in
487 1341 653 1404 Ianuarium
671 1343 802 1404 mensem
820 1364 895 1425 pro-

210 1424 362 1488 tmdimus.
385 1424 481 1486 Vince
504 1426 616 1506 igitur,
643 1422 676 1483 &
695 1424 774 1486 vale.

297 1553 474 1617 Crcaao
516 1552 768 1614 Lamos.

211 1687 352 1740 limma
371 1688 458 1738 leviter
474 1688 604 1755 objurgat,
631 1687 694 1753 quod
707 1684 800 1752 summis
818 1685 895 1734 Itono-

243 1761 308 1812 ribus
329 1779 425 1811 ornatus
446 1761 475 1810 ab
489 1757 594 1827 senatu,
613 1763 703 1828 gratias
722 1778 770 1809 non
789 1759 862 1827 egerit
882 1772 891 1806 ε

245 1834 270 1885 ὃ·
288 1852 319 1884 ne
333 1851 415 1903 pacem
434 1852 484 1882 eum
503 1833 614 1882 Antonio
633 1834 761 1883 concilim
779 1833 871 1882 nitatur
881 1864 895 1887 ,

244 1907 364 1959 admonet.
389 1907 463 1958 Anno
486 1906 518 1957 U.
538 1909 642 1972 2710.

208 2095 258 2156 27.
270 2003 428 2161 Quot>
454 2076 549 2149 mihi,
568 2098 623 2156 pro
649 2076 757 2137 summa
774 2097 843 2161 erga
860 2093 891 2137 te

206 2157 415 2220 benevolentia
441 2202 451 2231 ,
485 2177 599 2239 magnae
635 2179 709 2217 curae
743 2156 784 2219 est
810 2203 820 2231 ‚
859 2170 892 2218 nt

204 2238 295 2321 quiam
316 2237 498 2319 amplissima¹
519 2238 657 2318 dignitate
678 2240 743 2313 sis,
770 2236 894 2299 moleste

202 2320 278 2395 tuli,
295 2337 325 2381 te
343 2319 451 2381 senatui
458 2322 570 2460 dgratias
586 2341 647 2379 non
667 2317 778 2400 egiffe,
798 2329 889 2390 quum

203 2399 276 2462 effes
301 2400 338 2461 ab
359 2421 397 2462 eo
423 2421 457 2460 or
477 2402 524 2460 ine
548 2416 664 2461 ornatus
685 2393 889 2460 summis'ho·

201 2480 335 2543 notibus.
370 2479 451 2542 Pacis
478 2482 554 2541 inter
587 2482 665 2541 cives
700 2482 890 2540 conciliandae

201 2578 231 2624 te
253 2584 289 2623 cu
311 2563 391 2624 idum
415 2558 472 2624 esse
492 2561 574 2621 laetor
595 2580 604 2618 ε
631 2580 697 2622 eam
714 2562 738 2621 si
757 2583 775 2620 a
794 2561 888 2621 servi-

201 2641 264 2705 tute=
283 2583 429 2727 ῐίῇῃηςίε,
448 2641 579 2703 consules
598 2642 630 2704 &
650 2641 834 2720 reipub¹icae⁹
853 2643 886 2701 &

201 2723 335 2820 dignitati
355 2741 429 2790 tuae:
449 2726 492 2783 sin
511 2722 562 2783 ista
585 2744 642 2803 pax
663 2722 809 2803 perditum
826 2718 887 2782 ho-

200 2822 313 2865 minem
349 2807 380 2865 in
435 2802 623 2886 offessionem
649 2801 885 2885 impotentissimi

201 2881 367 2946 domitianis
380 2827 540 2947 reRitutura
554 2884 614 2958 est,
629 2885 686 2945 hoc
700 2885 798 2943 animo
815 2881 886 2942 scito

201 2963 257 3028 effe
281 2985 384 3028 omnes
406 2966 514 3041 sanos,
545 2982 578 3025 ut
605 2983 732 3025 mortem
753 2963 884 3023 servituti

200 3065 390 3131 anteponant.
409 3047 510 3130 ltaque
531 3046 707 3129 sapientiis,
727 3064 796 3106 meo
816 3044 883 3125 qui·
