2184 3975
91 279 229 366 putdrem.
244 279 421 365 Itaque‘ejus
436 287 517 344 omni
533 284 566 344 &
581 286 689 367 gratia,

91 362 201 427 summa
218 361 276 438 est,
297 365 329 424 &
346 365 471 444 opibus,
491 387 562 446 quas
579 365 686 426 intelli·

91 442 136 507 ἡ·
150 446 314 517 maximas,
341 447 381 503 sic
408 443 518 520 fruor,
543 461 576 506 ut
604 448 687 507 meis.

91 524 164 585 mihi
179 526 262 587 aliter
277 521 398 605 potuiffe
413 526 516 587 videor
535 525 686 586 hominum

91 622 189 667 torum
221 604 258 664 de
289 624 338 664 me
369 608 488 665 consilia
521 605 686 687 frangere,

91 706 149 746 mm
171 685 308 766 praesidiis
332 686 393 756 iis,
417 706 480 766 quae
499 685 611 766 semper
630 686 686 743 ha·

101 786 179 825 nunc
206 767 293 824 etiam
313 769 475 845 potentium
499 765 685 825 benevolen-

97 843 312 922 conjumxiffom.
337 843 392 905 His
412 867 471 926 ego
491 846 642 916 consiliis,
661 849 685 903 si

91 924 226 987 aesentem
245 923 422 998 habuissem,
441 942 474 984 ut
499 928 599 1004 opinio
620 944 686 982 mea

99 1004 189 1067 essem
202 1003 265 1063 usus
283 1003 401 1067 eisdem.
421 1003 501 1063 Novi
518 1007 595 1063 enim
611 1021 686 1063 tem·

91 1088 165 1147 ,tiam
185 1084 217 1143 &
233 1085 465 1144 moderationem
483 1101 589 1144 naturae
607 1100 681 1143 tuae:

99 1167 226 1225 animum
253 1183 335 1225 tuum
360 1180 423 1223 tum
446 1164 515 1224 mihi
540 1166 683 1224 amicissi-

98 1290 109 1317 0
126 1260 190 1313 tum
204 1244 282 1312 nulla
297 1248 327 1309 in
344 1262 456 1308 ceteros
476 1244 682 1306 malevolentia

91 1324 166 1398 'um3
195 1327 350 1407 contrdque
376 1348 465 1407 quum
486 1348 533 1386 ma
554 1347 623 1386 num
649 1322 681 1384 &

91 1403 169 1479 sum,
191 1423 253 1466 tum
268 1406 355 1467 etiam
377 1425 508 1488 apertum
573 1406 683 1487 simpli-

93 1484 167 1547 vidi
184 1506 241 1569 ego
259 1486 395 1568 quosdam
410 1491 441 1547 in
455 1506 485 1548 te
499 1488 592 1560 tales,
610 1508 682 1568 qua-

91 1586 104 1627 1
136 1566 255 1627 eosdem
283 1570 313 1626 in
348 1588 397 1627 me
424 1568 536 1628 videre
557 1565 682 1646 potuisti.

99 1666 149 1708 me
166 1664 343 1720 moverunt,
360 1647 514 1708 moviffent
530 1647 633 1707 eadem
650 1666 681 1708 te

91 1726 143 1789 Εἰδ.
162 1726 241 1800 Sed,
257 1746 441 1807 quocumque
458 1747 590 1808 tempore
609 1728 679 1785 mihi

91 1828 125 1867 as
144 1806 290 1886 praesentis
308 1809 350 1867 tui
367 1806 474 1881 fuerit,
489 1826 520 1869 tu
539 1808 595 1867 eris
613 1828 680 1866 om·

106 1887 276 1947 moderator
305 1888 491 1947 consiliorum
520 1906 679 1947 meorum:

91 1969 122 2023 dt
139 1968 259 2023 eidem.
277 1967 323 2023 cui
337 1967 409 2023 salus
423 1989 487 2023 mea
504 1966 576 2023 fuit.
591 1968 680 2023 etiam
