2184 3975
289 449 362 526 'Ao
374 459 603 527 Frnrrrrn.
616 462 779 533 ΗΜ.
812 478 892 560 249

197 572 243 633 ita
261 571 384 644 dicunt,
399 571 480 653 quasi
490 580 558 633 'non
573 574 717 655 gaudeant
730 576 761 636 id
777 574 889 640 bellum

200 651 342 714 incidille.
360 651 462 732 Quare
480 652 572 713 visum
588 652 629 714 est
644 654 785 717 occultius
801 679 891 740 agen·

201 733 302 809 dum,
334 753 429 815 neque
453 733 514 793 ullo
538 735 631 795 modo
650 735 858 818 divulgandum
876 748 892 814 ,‘

200 814 240 875 de
266 823 297 875 te'
327 815 386 892 jam
413 811 469 875 elle
509 813 685 895 'erfectumz
707 815 757 876 sed
781 818 812 878 id
833 822 889 881 erit

200 895 359 1034 perbrevi3
379 913 435 955 nec
456 836 584 970 dubito,
606 899 698 976 quin,
720 897 839 979 legente
858 917 890 960 te

223 997 253 1035 as
273 976 403 1048 litteras,
426 973 557 1035 confecia
577 973 637 1054 jam
660 996 707 1036 res
727 976 822 1038 fututa
845 981 893 1042 sit.

201 1053 292 1116 Pansa
309 1055 427 1138 quidem
442 1055 535 1129 mihi,
553 1058 647 1137 gravis
663 1057 755 1118 homo
775 1059 808 1118 &
826 1079 892 1120 cer·

202 1152 264 1211 tus,
280 1156 342 1198 non
357 1135 450 1197 lolbm
466 1133 663 1210 confirmavit,
678 1141 781 1199 verbm
798 1141 890 1202 etiam

202 1220 335 1298 recepit,
354 1218 538 1298 perceleriter
559 1217 587 1277 se
609 1219 769 1280 ablaturum
789 1220 892 1301 diplo-

204 1319 262 1358 ma.
286 1297 363 1357 Mihi
383 1315 482 1358 tamen
503 1299 611 1379 placuit
630 1299 692 1360 haec
710 1303 747 1360 ad
764 1319 794 1362 te
837 1322 890 1362 er-

205 1377 303 1438 scribi:
320 1379 417 1439 minias
431 1381 510 1438 enim
525 1396 556 1439 te
569 1377 686 1440 firmum
700 1379 793 1441 sermo
812 1323 892 1462 lipu·

204 1459 266 1520 leiae
292 1477 381 1534 tuae,
407 1459 601 1540 lacrymaeque
621 1459 736 1541 Ampiae
758 1462 892 1522 declara-

205 1541 295 1613 bant,
333 1539 401 1599 ubm
416 1538 577 1622 significant
590 1559 647 1602 tuae
663 1541 784 1614 littetae3
804 1559 833 1601 at
873 1564 893 1605 e

206 1621 259 1681 illae
287 1561 527 1695 albitrrbantur,
556 1641 646 1701 quum
669 1642 687 1682 a
711 1638 740 1682 te
764 1621 818 1682 abe
841 1640 894 1685 ent

206 1704 216 1761 i
234 1701 291 1776 sae,
310 1701 404 1762 multo
420 1702 452 1761 in
470 1703 604 1783 graviore
623 1719 653 1763 te
671 1723 739 1762 cura
754 1701 895 1766 futurum.

208 1724 309 1862 guare
330 1803 439 1866 magno
458 1801 549 1862 opere
572 1785 696 1862 putavi,
722 1786 837 1865 angoris
858 1785 893 1845 δε

208 1865 315 1926 doloris
335 1865 378 1925 tui
396 1863 514 1924 levandi
538 1865 647 1938 causi,
675 1886 729 1944 pro
749 1867 833 1925 certis
853 1864 893 1926 ad

209 1962 232 2007 te
253 1965 314 2021 ea,
336 1964 401 2027 quae
421 1942 510 2006 ellent
528 1961 623 2018 certa,
647 1944 791 2025 perscribi.
808 1945 894 2023 Scis,

209 2046 253 2088 me
272 2042 360 2087 antea
379 2028 420 2086 sic
435 2024 552 2086 solitum
571 2024 627 2086 esse
645 2026 765 2087 scribere
784 2027 819 2086 ad
839 2045 868 2087 te
885 2070 896 2102 ‚

209 2109 297 2203 magis
318 2125 351 2169 ut
372 2106 535 2168 consolarer
556 2104 664 2167 fortem
686 2109 783 2166 virum
805 2123 895 2186 atque

209 2188 401 2260 serentem,
424 2188 513 2270 quarn
538 2204 572 2247 ut
603 2186 788 2267 exploratam
810 2188 894 2267 spem

210 2211 302 2330 saliaris
334 2265 550 2348 ostenderem,
576 2269 632 2328 nisi
657 2289 744 2348 quam
772 2268 807 2327 ab
832 2267 894 2348 ipsa

209 2350 376 2432 republica,
389 2370 479 2430 quum
492 2349 538 2409 hic
548 2347 635 2408 ardor
648 2346 791 2408 restinstus
803 2348 896 2422 esset,

211 2430 315 2512 sperari
356 2447 495 2511 oportere
533 2429 693 2490 censerem·
726 2429 896 2502 Recordare

210 2529 270 2573 tuas
288 2512 421 2585 litteras,
440 2509 544 2594 quibus
561 2511 594 2569 ὃ(
611 2528 750 2591 magnum
765 2509 895 2570 animum

155 2613 157 2618 ·
211 2594 280 2653 mihi
298 2591 416 2671 semper
433 2588 599 2663 ostendisti,
618 2591 650 2651 &
670 2589 707 2650 ad
726 2611 828 2651 omnes
845 2612 897 2651 ca-

212 2672 254 2736 sus
287 2672 427 2735 ferendos
457 2669 639 2732 constantem
669 2692 702 2730 ac
738 2688 898 2752 paratumc

213 2755 290 2834 quod
311 2773 369 2835 ego
388 2774 448 2813 non
474 2752 618 2827 mirabar,
642 2772 732 2833 quum
753 2750 897 2812 recorda·

157 2888 162 2894 .
213 2854 278 2909 ter,
299 2852 329 2895 te
352 2834 384 2893 &
404 2855 421 2891 a
441 2836 540 2914 primis
561 2833 740 2914 temporibus
759 2833 850 2891 aetatis
860 2830 897 2887 -in

214 2914 359 2994 republica
383 2912 439 2974 elle
464 2912 634 2987 versatum,
656 2914 688 2973 &
705 2931 773 2972 tuos
787 2907 897 2987 magil-

216 3011 302 3066 ttatus
328 2996 359 3060 iu
386 2992 447 3077 ipsa
472 2994 635 3059 discrimina
652 2988 782 3131 iucidplle
802 2987 899 3050 salutis
970 3024 972 3028 ⁴

764 3090 785 3132 v
