2184 3975
205 477 275 552 Ἀι)
287 481 615 572 faucinum.
630 483 710 554 VII.
736 484 813 579 267

129 613 194 681 ege
222 612 323 657 tamen
352 594 483 670 diebus,
507 593 581 655 ludis
610 594 750 673 scenicis,
774 618 815 659 ne

131 672 210 737 forre
232 676 334 757 videar
354 675 407 737 tibi
425 697 486 737 non
508 675 600 736 modb
618 676 718 739 beatus
736 722 746 753 ,
764 676 815 739 sed

131 754 206 818 fiber
235 758 358 840 qmnino
370 753 485 829 luille,
506 756 600 835 dirupi
620 777 669 819 me
689 777 764 839 pene
785 760 817 820 in

131 832 243 919 iudicio
255 832 336 899 Gelli
347 834 486 911 Caninii,
501 834 647 897 familiaris
657 840 708 899 tui.
718 839 816 917 Qubd

133 920 158 979 ai
174 934 234 977 tarn
253 916 370 980 facilem
388 939 428 999 po
449 918 531 977 ulum
551 916 711 992 haberem,
730 918 819 999 quim

135 996 261 1079 AEsopus
277 997 398 1074 babuit,
411 998 430 1059 li
470 1015 533 1059 nter
545 999 711 1060 mehercule
725 1015 820 1060 artem

135 1076 301 1141 desinerem
318 1099 329 1154 ;
347 1097 524 1160 tecumque,
545 1077 583 1139 &
595 1100 661 1141 cum
678 1080 820 1141 similibus

135 1154 225 1231 riustri
241 1163 387 1223 viverem.
405 1156 480 1219 Nam
497 1180 545 1220 me
560 1178 649 1240 quum
666 1177 752 1222 antea
767 1179 820 1220 tae·

136 1239 251 1315 debat,
284 1261 373 1323 quum
403 1241 435 1301 ἃ
464 1258 530 1309 aetas
556 1241 587 1317 ἃ
618 1240 739 1312 ambitio
769 1261 820 1304 me

136 1314 347 1395 bombanntr,
371 1320 402 1380 &
426 1320 531 1393 licebat
554 1321 819 1402 denique-‚quem

137 1398 278 1489 nolebant
291 1425 311 1480 4,.
321 1421 383 1477 non
401 1400 559 1463 defendere
571 1421 581 1474 ;
597 1412 660 1463 turn
675 1403 748 1464 verb
762 1402 821 1465 hoc

135 1476 196 1543 tem
220 1501 273 1543 ore
307 1482 370 1542 vita
397 1483 475 1542 nulla
510 1479 562 1544 est.
598 1480 703 1564 Neque
741 1486 821 1545 enint

137 1560 181 1623 ltu
231 1582 261 1621 m
284 1561 375 1621 ullum
398 1561 504 1623 laboris
530 1582 567 1622 ex
592 1562 636 1624 his
661 1559 823 1642 exspecio:

139 1641 171 1703 ἃ
249 1664 285 1703 οι
303 1640 521 1724 nonnumquam
536 1643 670 1704 homines
685 1664 745 1703 non
764 1665 823 1724 op·

140 1724 209 1784 time
250 1743 267 1784 e
289 1744 337 1784 me
355 1727 494 1799 meritos,
516 1743 620 1806 rogatu
637 1744 759 1798 eorum,
773 1725 824 1805 qui

140 1802 214 1865 bene
227 1805 326 1865 meriti
337 1802 417 1885 sunt,
431 1804 599 1871 defendere.
611 1804 712 1886 ltaque
725 1825 824 1886 quaero

143 1884 236 1947 causas
253 1905 357 1947 omnes
377 1886 532 1967 aliquando
549 1886 670 1948 vivendi
687 1885 824 1946 arbitratu

144 1984 367 2048 meo.;,teque‚
388 1967 420 2027 δι
442 1964 523 2027 istam
548 1969 689 2029 rationem
708 1968 760 2029 otii
783 1970 826 2028 tui

146 2047 175 2107 8(
193 2047 285 2108 laudo
304 2047 516 2118 vehementer,
542 2049 575 2107 &
596 2048 710 2128 probo;
729 2047 826 2127 quud-

146 2146 199 2209 que
214 2148 271 2194 nos
285 2130 386 2187 miniis-
395 2130 560 2202 intercisis,
575 2129 630 2188 hoc
648 2128 711 2188 fero
726 2130 825 2189 animo

147 2210 296 2291 aequiore,
312 2208 416 2289 qubd,
438 2212 463 2268 si
485 2208 589 2270 Romae
609 2208 700 2283 elles,
727 2222 826 2269 tamen

147 2307 242 2372 neque
263 2310 318 2348 nos
332 2289 433 2367 lepore
453 2307 522 2361 tuo,
539 2310 634 2371 neque
651 2308 680 2351 te
697 2288 826 2369 (siquis

148 2367 186 2430 est
204 2373 236 2429 iu
251 2367 326 2451 me)
340 2389 409 2429 meo
424 2368 479 2429 frui
494 2371 614 2444 liceret,
628 2386 746 2449 propter
765 2392 830 2429 mo-

91 2483 93 2506 :
149 2447 310 2524 lestissimas
330 2453 537 2531 occupationes
558 2470 656 2509 meas:
680 2451 783 2529 quibus
805 2454 830 2511 si

150 2550 195 2591 ne
219 2529 350 2594 relaxaro
369 2528 387 2614 (
403 2552 473 2594 nam
493 2548 525 2590 ut
545 2529 629 2610 plane
652 2528 831 2603 exsolvam,

150 2630 209 2676 non
230 2606 345 2692 postulo
367 2616 428 2684 >te
446 2609 561 2691 ipsum,
582 2613 631 2689 qui
653 2610 760 2671 multos
777 2631 831 2670 an·
866 2648 871 2658 ‚
897 2659 901 2663 ,

151 2691 202 2752 tios
237 2689 310 2752 nihil
326 2689 417 2750 aliud
450 2691 679 2764 commentaris,
714 2689 832 2751 docebo

152 2769 305 2860 brufebib,
325 2767 397 2851 'quid
417 2772 452 2832 sit
473 2771 634 2831 humaniter
652 2774 762 2831 vivere.
781 2767 834 2827 Tu

152 2850 243 2914 modb
258 2847 341 2912 ist'am
354 2851 581 2914 imbecillitatem
591 2851 763 2912 valetudinis
775 2865 833 2907 tuae

153 2929 275 2994 sustenta
304 2931 336 2992 &
362 2948 466 3007 tuere,
498 2949 529 2992 ut
555 2932 646 3004 facis,
671 2949 703 2990 ut
724 2926 834 2989 nostras

153 3011 234 3075 villas
260 3011 343 3096 obice
362 3057 373 3087 ,
394 3013 427 3075 &
452 3034 569 3075 mecum
598 3007 836 3150 ‘imffll‘ffi‘uffi

258 3105 262 3112 .
692 3110 714 3169 ι,
818 3092 824 3109 ,
