<?xml version="1.0" encoding="UTF-8"?>
<!DOCTYPE html PUBLIC "-//W3C//DTD XHTML 1.0 Transitional//EN"
    "http://www.w3.org/TR/xhtml1/DTD/xhtml1-transitional.dtd">
<html xmlns="http://www.w3.org/1999/xhtml" xml:lang="en" lang="en">
 <head>
  <title>
</title>
<meta http-equiv="Content-Type" content="text/html;charset=utf-8" />
  <meta name='ocr-system' content='tesseract 3.04.00' />
  <meta name='ocr-capabilities' content='ocr_page ocr_carea ocr_par ocr_line ocrx_word'/>
</head>
<body>
  <div class='ocr_page' id='page_1' title='image "./mtulliiciceroni07lallgoog_0378.png"; bbox 0 0 2184 3975; ppageno 0'>
   <div class='ocr_carea' id='block_1_1' title="bbox 179 461 794 591">
    <p class='ocr_par' dir='ltr' id='par_1_1' title="bbox 179 461 794 591">
     <span class='ocr_line' id='line_1_1' title="bbox 179 461 794 591; baseline -0.011 -25"><span class='ocrx_word' id='word_1_1' title='bbox 179 492 260 591; x_wconf 79' lang='lat'>&#39;380</span> <span class='ocrx_word' id='word_1_2' title='bbox 321 484 707 563; x_wconf 72' lang='lat' dir='ltr'>Brrsrorrnrrrr</span> <span class='ocrx_word' id='word_1_3' title='bbox 786 461 794 475; x_wconf 62' lang='grc'><strong>’</strong></span> 
     </span>
    </p>
   </div>
   <div class='ocr_carea' id='block_1_2' title="bbox 228 626 822 700">
    <p class='ocr_par' dir='ltr' id='par_1_2' title="bbox 228 626 822 700">
     <span class='ocr_line' id='line_1_2' title="bbox 228 626 822 700; baseline 0 -2"><span class='ocrx_word' id='word_1_4' title='bbox 228 634 390 700; x_wconf 75' lang='lat' dir='ltr'>Ciceno</span> <span class='ocrx_word' id='word_1_5' title='bbox 423 634 603 696; x_wconf 66' lang='lat' dir='ltr'>Panno</span> <span class='ocrx_word' id='word_1_6' title='bbox 635 633 761 696; x_wconf 67' lang='lat' dir='ltr'>Piero</span> <span class='ocrx_word' id='word_1_7' title='bbox 791 626 822 698; x_wconf 62' lang='grc' dir='ltr'>ς,</span> 
     </span>
    </p>
   </div>
   <div class='ocr_carea' id='block_1_3' title="bbox 180 764 860 1128">
    <p class='ocr_par' dir='ltr' id='par_1_3' title="bbox 180 764 860 1128">
     <span class='ocr_line' id='line_1_3' title="bbox 180 764 857 836; baseline -0.007 -13"><span class='ocrx_word' id='word_1_8' title='bbox 180 769 338 823; x_wconf 74' lang='lat' dir='ltr'>Osnrrnrr</span> <span class='ocrx_word' id='word_1_9' title='bbox 354 767 414 818; x_wconf 71' lang='lat' dir='ltr'>nitu</span> <span class='ocrx_word' id='word_1_10' title='bbox 431 785 448 816; x_wconf 77' lang='lat' dir='ltr'>e</span> <span class='ocrx_word' id='word_1_11' title='bbox 466 764 494 834; x_wconf 75' lang='lat' dir='ltr'>se</span> <span class='ocrx_word' id='word_1_12' title='bbox 510 766 691 836; x_wconf 73' lang='lat' dir='ltr'>praremiffm</span> <span class='ocrx_word' id='word_1_13' title='bbox 705 768 733 818; x_wconf 76' lang='lat' dir='ltr'>ia</span> <span class='ocrx_word' id='word_1_14' title='bbox 754 765 857 836; x_wconf 62' lang='lat' dir='ltr'>Casiri«</span> 
     </span>
     <span class='ocr_line' id='line_1_4' title="bbox 216 837 859 900; baseline -0.003 -6"><span class='ocrx_word' id='word_1_15' title='bbox 216 861 299 894; x_wconf 74' lang='lat' dir='ltr'>norim</span> <span class='ocrx_word' id='word_1_16' title='bbox 319 841 470 892; x_wconf 70' lang='lat' dir='ltr'>concilianda</span> <span class='ocrx_word' id='word_1_17' title='bbox 485 841 532 890; x_wconf 73' lang='lat' dir='ltr'>sili</span> <span class='ocrx_word' id='word_1_18' title='bbox 546 841 713 891; x_wconf 64' lang='lat' dir='ltr'>benevolentia</span> <span class='ocrx_word' id='word_1_19' title='bbox 728 859 738 900; x_wconf 72' lang='grc' dir='ltr'>ς</span> <span class='ocrx_word' id='word_1_20' title='bbox 758 860 802 891; x_wconf 80' lang='lat' dir='ltr'>aec</span> <span class='ocrx_word' id='word_1_21' title='bbox 812 837 859 892; x_wconf 70' lang='lat' dir='ltr'>lori</span> 
     </span>
     <span class='ocr_line' id='line_1_5' title="bbox 217 911 859 982; baseline -0.003 -16"><span class='ocrx_word' id='word_1_22' title='bbox 217 917 277 966; x_wconf 77' lang='lat' dir='ltr'>ciris</span> <span class='ocrx_word' id='word_1_23' title='bbox 294 931 336 964; x_wconf 79' lang='lat' dir='ltr'>ant</span> <span class='ocrx_word' id='word_1_24' title='bbox 349 911 465 981; x_wconf 76' lang='lat' dir='ltr'>sapientis</span> <span class='ocrx_word' id='word_1_25' title='bbox 479 914 579 964; x_wconf 76' lang='lat' dir='ltr'>lonriuis</span> <span class='ocrx_word' id='word_1_26' title='bbox 597 912 704 981; x_wconf 75' lang='lat' dir='ltr'>officiant</span> <span class='ocrx_word' id='word_1_27' title='bbox 720 914 748 964; x_wconf 76' lang='lat' dir='ltr'>in</span> <span class='ocrx_word' id='word_1_28' title='bbox 762 911 791 982; x_wconf 76' lang='lat' dir='ltr'>fe</span> <span class='ocrx_word' id='word_1_29' title='bbox 810 913 859 963; x_wconf 74' lang='lat' dir='ltr'>lesi·</span> 
     </span>
     <span class='ocr_line' id='line_1_6' title="bbox 217 980 860 1055; baseline 0 -16"><span class='ocrx_word' id='word_1_30' title='bbox 217 990 298 1039; x_wconf 68' lang='lat' dir='ltr'>derasi</span> <span class='ocrx_word' id='word_1_31' title='bbox 313 985 400 1055; x_wconf 64' lang='lat' dir='ltr'>polle:</span> <span class='ocrx_word' id='word_1_32' title='bbox 415 986 531 1053; x_wconf 64' lang='lat' dir='ltr'>postrema</span> <span class='ocrx_word' id='word_1_33' title='bbox 545 988 579 1035; x_wconf 78' lang='lat' dir='ltr'>ml</span> <span class='ocrx_word' id='word_1_34' title='bbox 592 985 658 1038; x_wconf 73' lang='lat' dir='ltr'>Pati</span> <span class='ocrx_word' id='word_1_35' title='bbox 667 987 809 1055; x_wconf 69' lang='lat' dir='ltr'>jomim</span> <span class='ocrx_word' id='word_1_36' title='bbox 819 980 860 1054; x_wconf 52' lang='grc' dir='ltr'>ηρ</span> 
     </span>
     <span class='ocr_line' id='line_1_7' title="bbox 215 1057 595 1128; baseline -0.003 -17"><span class='ocrx_word' id='word_1_37' title='bbox 215 1064 315 1128; x_wconf 77' lang='lat' dir='ltr'>pondu.</span> <span class='ocrx_word' id='word_1_38' title='bbox 333 1060 408 1111; x_wconf 80' lang='lat' dir='ltr'>nmo</span> <span class='ocrx_word' id='word_1_39' title='bbox 428 1057 462 1109; x_wconf 84' lang='lat' dir='ltr'>ll.</span> <span class='ocrx_word' id='word_1_40' title='bbox 484 1061 513 1110; x_wconf 84' lang='lat' dir='ltr'>C.</span> <span class='ocrx_word' id='word_1_41' title='bbox 532 1074 595 1125; x_wconf 80' lang='lat'><strong><em>7⁰7.</em></strong></span> 
     </span>
    </p>
   </div>
   <div class='ocr_carea' id='block_1_4' title="bbox 183 1181 872 3097">
    <p class='ocr_par' dir='ltr' id='par_1_4' title="bbox 183 1181 872 3097">
     <span class='ocr_line' id='line_1_8' title="bbox 187 1181 862 1321; baseline 0.001 -13"><span class='ocrx_word' id='word_1_42' title='bbox 187 1181 862 1321; x_wconf 64' lang='lat' dir='ltr'>16.Drrecrrrurrmetualirtaae;</span> 
     </span>
     <span class='ocr_line' id='line_1_9' title="bbox 183 1330 861 1412; baseline 0 -23"><span class='ocrx_word' id='word_1_43' title='bbox 183 1332 214 1389; x_wconf 90' lang='lat' dir='ltr'>in</span> <span class='ocrx_word' id='word_1_44' title='bbox 233 1330 335 1412; x_wconf 86' lang='lat' dir='ltr'>quibus</span> <span class='ocrx_word' id='word_1_45' title='bbox 352 1333 479 1412; x_wconf 85' lang='lat' dir='ltr'>primirm</span> <span class='ocrx_word' id='word_1_46' title='bbox 499 1331 596 1389; x_wconf 78' lang='lat' dir='ltr'>amavi</span> <span class='ocrx_word' id='word_1_47' title='bbox 614 1349 751 1390; x_wconf 88' lang='lat' dir='ltr'>amorem</span> <span class='ocrx_word' id='word_1_48' title='bbox 765 1346 861 1400; x_wconf 66' lang='lat' dir='ltr'>turm,</span> 
     </span>
     <span class='ocr_line' id='line_1_10' title="bbox 184 1410 860 1491; baseline -0.004 -19"><span class='ocrx_word' id='word_1_49' title='bbox 184 1412 237 1491; x_wconf 89' lang='lat' dir='ltr'>qui</span> <span class='ocrx_word' id='word_1_50' title='bbox 256 1429 286 1472; x_wconf 86' lang='lat' dir='ltr'>te</span> <span class='ocrx_word' id='word_1_51' title='bbox 309 1411 347 1471; x_wconf 89' lang='lat' dir='ltr'>ad</span> <span class='ocrx_word' id='word_1_52' title='bbox 367 1410 548 1471; x_wconf 84' lang='lat' dir='ltr'>scribendum</span> <span class='ocrx_word' id='word_1_53' title='bbox 566 1411 730 1483; x_wconf 75' lang='lat' dir='ltr'><strong>incitavit,</strong></span> <span class='ocrx_word' id='word_1_54' title='bbox 759 1427 860 1470; x_wconf 72' lang='lat' dir='ltr'>neren·</span> 
     </span>
     <span class='ocr_line' id='line_1_11' title="bbox 185 1488 863 1571; baseline -0.003 -22"><span class='ocrx_word' id='word_1_55' title='bbox 185 1508 277 1565; x_wconf 88' lang='lat' dir='ltr'>tem,</span> <span class='ocrx_word' id='word_1_56' title='bbox 307 1513 346 1552; x_wconf 87' lang='lat' dir='ltr'>ne</span> <span class='ocrx_word' id='word_1_57' title='bbox 365 1491 450 1552; x_wconf 83' lang='lat' dir='ltr'>Silius</span> <span class='ocrx_word' id='word_1_58' title='bbox 472 1490 524 1550; x_wconf 82' lang='lat' dir='ltr'>luo</span> <span class='ocrx_word' id='word_1_59' title='bbox 542 1491 646 1550; x_wconf 80' lang='lat' dir='ltr'>nuntio</span> <span class='ocrx_word' id='word_1_60' title='bbox 671 1488 783 1571; x_wconf 80' lang='lat' dir='ltr'>aliquid</span> <span class='ocrx_word' id='word_1_61' title='bbox 799 1488 863 1548; x_wconf 84' lang='lat' dir='ltr'>mihi</span> 
     </span>
     <span class='ocr_line' id='line_1_12' title="bbox 186 1568 862 1652; baseline -0.001 -21"><span class='ocrx_word' id='word_1_62' title='bbox 186 1570 383 1633; x_wconf 76' lang='lat' dir='ltr'>sollicitudinis</span> <span class='ocrx_word' id='word_1_63' title='bbox 398 1569 554 1632; x_wconf 69' lang='lat' dir='ltr'>attidilletz</span> <span class='ocrx_word' id='word_1_64' title='bbox 572 1570 610 1631; x_wconf 83' lang='lat' dir='ltr'>de</span> <span class='ocrx_word' id='word_1_65' title='bbox 625 1583 690 1652; x_wconf 79' lang='lat' dir='ltr'>quo</span> <span class='ocrx_word' id='word_1_66' title='bbox 705 1570 739 1631; x_wconf 69' lang='grc' dir='ltr'><strong>ἃ</strong></span> <span class='ocrx_word' id='word_1_67' title='bbox 752 1589 784 1632; x_wconf 87' lang='lat' dir='ltr'>tu</span> <span class='ocrx_word' id='word_1_68' title='bbox 800 1568 862 1630; x_wconf 79' lang='lat' dir='ltr'>mihi</span> 
     </span>
     <span class='ocr_line' id='line_1_13' title="bbox 185 1650 863 1732; baseline 0.001 -21"><span class='ocrx_word' id='word_1_69' title='bbox 185 1670 272 1712; x_wconf 88' lang='lat' dir='ltr'>antea</span> <span class='ocrx_word' id='word_1_70' title='bbox 285 1653 337 1713; x_wconf 86' lang='lat' dir='ltr'>scri</span> <span class='ocrx_word' id='word_1_71' title='bbox 359 1652 450 1728; x_wconf 84' lang='lat' dir='ltr'>seras,</span> <span class='ocrx_word' id='word_1_72' title='bbox 461 1653 505 1712; x_wconf 82' lang='lat' dir='ltr'>bis</span> <span class='ocrx_word' id='word_1_73' title='bbox 519 1650 640 1732; x_wconf 88' lang='lat' dir='ltr'>quidem</span> <span class='ocrx_word' id='word_1_74' title='bbox 650 1650 763 1712; x_wconf 84' lang='lat' dir='ltr'>eodem</span> <span class='ocrx_word' id='word_1_75' title='bbox 772 1670 863 1712; x_wconf 85' lang='lat' dir='ltr'>exem·</span> 
     </span>
     <span class='ocr_line' id='line_1_14' title="bbox 185 1728 861 1815; baseline 0 -24"><span class='ocrx_word' id='word_1_76' title='bbox 185 1732 262 1812; x_wconf 77' lang='lat' dir='ltr'>plo,</span> <span class='ocrx_word' id='word_1_77' title='bbox 286 1732 316 1794; x_wconf 85' lang='lat' dir='ltr'>fa</span> <span class='ocrx_word' id='word_1_78' title='bbox 332 1735 370 1794; x_wconf 77' lang='grc' dir='ltr'>’ὲ</span> <span class='ocrx_word' id='word_1_79' title='bbox 389 1749 423 1791; x_wconf 89' lang='lat' dir='ltr'>ut</span> <span class='ocrx_word' id='word_1_80' title='bbox 443 1732 634 1815; x_wconf 71' lang='lat' dir='ltr'>intelligerem</span> <span class='ocrx_word' id='word_1_81' title='bbox 652 1749 685 1792; x_wconf 88' lang='lat' dir='ltr'>te</span> <span class='ocrx_word' id='word_1_82' title='bbox 707 1728 766 1792; x_wconf 81' lang='lat' dir='ltr'>effe</span> <span class='ocrx_word' id='word_1_83' title='bbox 784 1751 861 1792; x_wconf 88' lang='lat' dir='ltr'>com·</span> 
     </span>
     <span class='ocr_line' id='line_1_15' title="bbox 186 1810 865 1896; baseline 0 -24"><span class='ocrx_word' id='word_1_84' title='bbox 186 1829 328 1888; x_wconf 58' lang='lat' dir='ltr'>motum</span> <span class='ocrx_word' id='word_1_85' title='bbox 362 1815 395 1874; x_wconf 88' lang='lat'>&amp;</span> <span class='ocrx_word' id='word_1_86' title='bbox 412 1813 543 1896; x_wconf 85' lang='lat' dir='ltr'>egotibi</span> <span class='ocrx_word' id='word_1_87' title='bbox 563 1813 696 1873; x_wconf 71' lang='lat' dir='ltr'>accurate</span> <span class='ocrx_word' id='word_1_88' title='bbox 716 1810 865 1893; x_wconf 77' lang='lat' dir='ltr'>rescripse-</span> 
     </span>
     <span class='ocr_line' id='line_1_16' title="bbox 188 1892 865 1974; baseline 0.003 -23"><span class='ocrx_word' id='word_1_89' title='bbox 188 1913 271 1966; x_wconf 84' lang='lat' dir='ltr'>ram,</span> <span class='ocrx_word' id='word_1_90' title='bbox 285 1911 337 1967; x_wconf 82' lang='lat' dir='ltr'>ut,</span> <span class='ocrx_word' id='word_1_91' title='bbox 351 1914 471 1974; x_wconf 84' lang='lat' dir='ltr'>quoquo</span> <span class='ocrx_word' id='word_1_92' title='bbox 491 1892 603 1967; x_wconf 89' lang='lat' dir='ltr'>modo,</span> <span class='ocrx_word' id='word_1_93' title='bbox 621 1895 653 1952; x_wconf 86' lang='lat' dir='ltr'>in</span> <span class='ocrx_word' id='word_1_94' title='bbox 669 1892 722 1952; x_wconf 87' lang='lat' dir='ltr'>tali</span> <span class='ocrx_word' id='word_1_95' title='bbox 736 1910 865 1974; x_wconf 79' lang='lat' dir='ltr'>re-atque</span> 
     </span>
     <span class='ocr_line' id='line_1_17' title="bbox 186 1970 866 2053; baseline 0.001 -21"><span class='ocrx_word' id='word_1_96' title='bbox 186 1989 342 2053; x_wconf 83' lang='lat' dir='ltr'>tempore,</span> <span class='ocrx_word' id='word_1_97' title='bbox 358 1992 407 2032; x_wconf 88' lang='lat' dir='ltr'>aut</span> <span class='ocrx_word' id='word_1_98' title='bbox 424 1973 578 2035; x_wconf 86' lang='lat' dir='ltr'>liberarem</span> <span class='ocrx_word' id='word_1_99' title='bbox 597 1991 626 2035; x_wconf 87' lang='lat' dir='ltr'>te</span> <span class='ocrx_word' id='word_1_100' title='bbox 644 1971 697 2034; x_wconf 73' lang='lat' dir='ltr'>ista</span> <span class='ocrx_word' id='word_1_101' title='bbox 713 1970 805 2047; x_wconf 75' lang='lat' dir='ltr'>curi,</span> <span class='ocrx_word' id='word_1_102' title='bbox 822 1990 866 2034; x_wconf 85' lang='lat' dir='ltr'>aut</span> 
     </span>
     <span class='ocr_line' id='line_1_18' title="bbox 188 2054 865 2137; baseline 0.003 -25"><span class='ocrx_word' id='word_1_103' title='bbox 188 2057 266 2115; x_wconf 70' lang='lat' dir='ltr'>certe</span> <span class='ocrx_word' id='word_1_104' title='bbox 284 2055 422 2116; x_wconf 85' lang='lat' dir='ltr'>levarem.</span> <span class='ocrx_word' id='word_1_105' title='bbox 439 2054 522 2129; x_wconf 85' lang='lat' dir='ltr'>Sed,</span> <span class='ocrx_word' id='word_1_106' title='bbox 536 2076 626 2136; x_wconf 88' lang='lat' dir='ltr'>quum</span> <span class='ocrx_word' id='word_1_107' title='bbox 643 2056 783 2137; x_wconf 80' lang='lat' dir='ltr'>proximis</span> <span class='ocrx_word' id='word_1_108' title='bbox 797 2074 865 2134; x_wconf 88' lang='lat' dir='ltr'>quo·</span> 
     </span>
     <span class='ocr_line' id='line_1_19' title="bbox 188 2133 866 2226; baseline 0 -31"><span class='ocrx_word' id='word_1_109' title='bbox 188 2154 246 2226; x_wconf 78' lang='lat' dir='ltr'>que</span> <span class='ocrx_word' id='word_1_110' title='bbox 269 2136 370 2195; x_wconf 83' lang='lat' dir='ltr'>litteris</span> <span class='ocrx_word' id='word_1_111' title='bbox 398 2133 552 2209; x_wconf 77' lang='lat' dir='ltr'>ostendis,</span> <span class='ocrx_word' id='word_1_112' title='bbox 576 2152 691 2216; x_wconf 75' lang='lat' dir='ltr'>quantae</span> <span class='ocrx_word' id='word_1_113' title='bbox 717 2134 772 2195; x_wconf 85' lang='lat' dir='ltr'>tibi</span> <span class='ocrx_word' id='word_1_114' title='bbox 797 2152 866 2195; x_wconf 73' lang='lat' dir='ltr'>cure</span> 
     </span>
     <span class='ocr_line' id='line_1_20' title="bbox 188 2214 867 2297; baseline 0.007 -27"><span class='ocrx_word' id='word_1_115' title='bbox 188 2231 225 2272; x_wconf 86' lang='lat' dir='ltr'>srt</span> <span class='ocrx_word' id='word_1_116' title='bbox 245 2234 280 2272; x_wconf 86' lang='lat' dir='ltr'>ea</span> <span class='ocrx_word' id='word_1_117' title='bbox 303 2234 369 2288; x_wconf 86' lang='lat' dir='ltr'>res,</span> <span class='ocrx_word' id='word_1_118' title='bbox 388 2217 447 2287; x_wconf 76' lang='lat' dir='ltr'>sic,</span> <span class='ocrx_word' id='word_1_119' title='bbox 462 2219 503 2274; x_wconf 86' lang='lat' dir='ltr'>mi</span> <span class='ocrx_word' id='word_1_120' title='bbox 519 2214 619 2288; x_wconf 82' lang='lat' dir='ltr'>Paete,</span> <span class='ocrx_word' id='word_1_121' title='bbox 635 2215 764 2275; x_wconf 80' lang='lat' dir='ltr'>habero:</span> <span class='ocrx_word' id='word_1_122' title='bbox 785 2214 867 2297; x_wconf 85' lang='lat' dir='ltr'>quid·</span> 
     </span>
     <span class='ocr_line' id='line_1_21' title="bbox 188 2290 868 2375; baseline 0.01 -26"><span class='ocrx_word' id='word_1_123' title='bbox 188 2293 257 2370; x_wconf 89' lang='lat' dir='ltr'>quid</span> <span class='ocrx_word' id='word_1_124' title='bbox 283 2311 346 2353; x_wconf 84' lang='lat' dir='ltr'>arte</span> <span class='ocrx_word' id='word_1_125' title='bbox 371 2290 434 2352; x_wconf 87' lang='lat' dir='ltr'>fieri</span> <span class='ocrx_word' id='word_1_126' title='bbox 456 2300 584 2373; x_wconf 80' lang='lat' dir='ltr'>potuerit</span> <span class='ocrx_word' id='word_1_127' title='bbox 606 2296 694 2375; x_wconf 86' lang='lat' dir='ltr'>(non</span> <span class='ocrx_word' id='word_1_128' title='bbox 714 2297 794 2355; x_wconf 91' lang='lat' dir='ltr'>enim</span> <span class='ocrx_word' id='word_1_129' title='bbox 814 2294 868 2374; x_wconf 85' lang='lat' dir='ltr'>jam</span> 
     </span>
     <span class='ocr_line' id='line_1_22' title="bbox 188 2370 869 2457; baseline 0.007 -26"><span class='ocrx_word' id='word_1_130' title='bbox 188 2370 253 2431; x_wconf 80' lang='lat' dir='ltr'>satis</span> <span class='ocrx_word' id='word_1_131' title='bbox 269 2370 309 2433; x_wconf 85' lang='lat' dir='ltr'>est</span> <span class='ocrx_word' id='word_1_132' title='bbox 320 2374 442 2433; x_wconf 77' lang='lat' dir='ltr'>consilio</span> <span class='ocrx_word' id='word_1_133' title='bbox 453 2396 598 2457; x_wconf 84' lang='lat' dir='ltr'>pugnare:</span> <span class='ocrx_word' id='word_1_134' title='bbox 612 2374 765 2434; x_wconf 86' lang='lat' dir='ltr'>artificium</span> <span class='ocrx_word' id='word_1_135' title='bbox 779 2375 869 2455; x_wconf 90' lang='lat' dir='ltr'>quod·</span> 
     </span>
     <span class='ocr_line' id='line_1_23' title="bbox 189 2452 870 2538; baseline 0.01 -28"><span class='ocrx_word' id='word_1_136' title='bbox 189 2452 258 2511; x_wconf 90' lang='lat' dir='ltr'>dam</span> <span class='ocrx_word' id='word_1_137' title='bbox 276 2455 500 2535; x_wconf 85' lang='lat' dir='ltr'>excogitandum</span> <span class='ocrx_word' id='word_1_138' title='bbox 517 2453 558 2515; x_wconf 90' lang='lat' dir='ltr'>est</span> <span class='ocrx_word' id='word_1_139' title='bbox 574 2455 588 2535; x_wconf 98' lang='lat'>)</span> <span class='ocrx_word' id='word_1_140' title='bbox 606 2454 656 2515; x_wconf 81' lang='lat' dir='ltr'>led</span> <span class='ocrx_word' id='word_1_141' title='bbox 673 2474 772 2516; x_wconf 88' lang='lat' dir='ltr'>tamen</span> <span class='ocrx_word' id='word_1_142' title='bbox 788 2456 870 2538; x_wconf 83' lang='lat' dir='ltr'>quid·</span> 
     </span>
     <span class='ocr_line' id='line_1_24' title="bbox 189 2534 870 2615; baseline 0.006 -22"><span class='ocrx_word' id='word_1_143' title='bbox 189 2535 259 2613; x_wconf 91' lang='lat' dir='ltr'>quid</span> <span class='ocrx_word' id='word_1_144' title='bbox 283 2535 423 2594; x_wconf 82' lang='lat' dir='ltr'>elaborari</span> <span class='ocrx_word' id='word_1_145' title='bbox 442 2554 490 2594; x_wconf 87' lang='lat' dir='ltr'>aut</span> <span class='ocrx_word' id='word_1_146' title='bbox 509 2534 583 2595; x_wconf 88' lang='lat' dir='ltr'>effici</span> <span class='ocrx_word' id='word_1_147' title='bbox 603 2539 732 2615; x_wconf 86' lang='lat' dir='ltr'>potuerit</span> <span class='ocrx_word' id='word_1_148' title='bbox 749 2535 786 2596; x_wconf 90' lang='lat' dir='ltr'>ad</span> <span class='ocrx_word' id='word_1_149' title='bbox 802 2535 870 2597; x_wconf 81' lang='lat' dir='ltr'>isto·</span> 
     </span>
     <span class='ocr_line' id='line_1_25' title="bbox 189 2615 870 2691; baseline 0.004 -18"><span class='ocrx_word' id='word_1_150' title='bbox 189 2635 254 2673; x_wconf 91' lang='lat' dir='ltr'>rum</span> <span class='ocrx_word' id='word_1_151' title='bbox 268 2615 503 2675; x_wconf 72' lang='lat' dir='ltr'>benevolentiam</span> <span class='ocrx_word' id='word_1_152' title='bbox 518 2616 731 2676; x_wconf 82' lang='lat' dir='ltr'>conciliandam</span> <span class='ocrx_word' id='word_1_153' title='bbox 740 2616 797 2691; x_wconf 63' lang='grc' dir='ltr'>,δὲ</span> <span class='ocrx_word' id='word_1_154' title='bbox 812 2618 870 2679; x_wconf 90' lang='lat' dir='ltr'>eol·</span> 
     </span>
     <span class='ocr_line' id='line_1_26' title="bbox 191 2694 869 2771; baseline 0 -13"><span class='ocrx_word' id='word_1_155' title='bbox 191 2694 212 2758; x_wconf 92' lang='lat' dir='ltr'>li</span> <span class='ocrx_word' id='word_1_156' title='bbox 234 2697 360 2771; x_wconf 88' lang='lat' dir='ltr'>endam,</span> <span class='ocrx_word' id='word_1_157' title='bbox 375 2695 488 2756; x_wconf 85' lang='lat' dir='ltr'>summo</span> <span class='ocrx_word' id='word_1_158' title='bbox 505 2694 599 2756; x_wconf 76' lang='lat' dir='ltr'>studio</span> <span class='ocrx_word' id='word_1_159' title='bbox 617 2718 666 2758; x_wconf 85' lang='lat' dir='ltr'>me</span> <span class='ocrx_word' id='word_1_160' title='bbox 686 2696 869 2758; x_wconf 82' lang='lat' dir='ltr'>consecutum</span> 
     </span>
     <span class='ocr_line' id='line_1_27' title="bbox 192 2716 869 2851; baseline 0.007 -16"><span class='ocrx_word' id='word_1_161' title='bbox 192 2716 269 2849; x_wconf 47' lang='lat' dir='ltr'>elin</span> <span class='ocrx_word' id='word_1_162' title='bbox 291 2796 345 2836; x_wconf 90' lang='lat' dir='ltr'>nec</span> <span class='ocrx_word' id='word_1_163' title='bbox 365 2774 489 2851; x_wconf 85' lang='lat' dir='ltr'>frustra,</span> <span class='ocrx_word' id='word_1_164' title='bbox 509 2795 541 2838; x_wconf 90' lang='lat' dir='ltr'>ut</span> <span class='ocrx_word' id='word_1_165' title='bbox 562 2777 703 2838; x_wconf 77' lang='lat' dir='ltr'>arbitror:</span> <span class='ocrx_word' id='word_1_166' title='bbox 729 2780 770 2838; x_wconf 83' lang='lat' dir='ltr'>sic</span> <span class='ocrx_word' id='word_1_167' title='bbox 796 2780 869 2840; x_wconf 79' lang='lat' dir='ltr'>enin</span> 
     </span>
     <span class='ocr_line' id='line_1_28' title="bbox 192 2857 870 2940; baseline 0.007 -25"><span class='ocrx_word' id='word_1_168' title='bbox 192 2857 296 2931; x_wconf 85' lang='lat' dir='ltr'>color,</span> <span class='ocrx_word' id='word_1_169' title='bbox 315 2860 354 2917; x_wconf 90' lang='lat' dir='ltr'>sic</span> <span class='ocrx_word' id='word_1_170' title='bbox 373 2857 511 2920; x_wconf 88' lang='lat' dir='ltr'>observor</span> <span class='ocrx_word' id='word_1_171' title='bbox 528 2858 564 2919; x_wconf 86' lang='lat' dir='ltr'>ab</span> <span class='ocrx_word' id='word_1_172' title='bbox 586 2859 721 2920; x_wconf 87' lang='lat' dir='ltr'>omnibus</span> <span class='ocrx_word' id='word_1_173' title='bbox 738 2858 808 2932; x_wconf 86' lang='lat' dir='ltr'>his,</span> <span class='ocrx_word' id='word_1_174' title='bbox 825 2860 870 2940; x_wconf 87' lang='lat' dir='ltr'>qui</span> 
     </span>
     <span class='ocr_line' id='line_1_29' title="bbox 191 2936 871 3021; baseline 0.003 -25"><span class='ocrx_word' id='word_1_175' title='bbox 191 2958 209 2995; x_wconf 91' lang='lat' dir='ltr'>a</span> <span class='ocrx_word' id='word_1_176' title='bbox 226 2936 338 2998; x_wconf 82' lang='lat' dir='ltr'>Caesare</span> <span class='ocrx_word' id='word_1_177' title='bbox 359 2938 534 3021; x_wconf 84' lang='lat' dir='ltr'>diliguntur,</span> <span class='ocrx_word' id='word_1_178' title='bbox 551 2958 583 2999; x_wconf 90' lang='lat' dir='ltr'>ut</span> <span class='ocrx_word' id='word_1_179' title='bbox 601 2939 697 2999; x_wconf 83' lang='lat' dir='ltr'>abhis</span> <span class='ocrx_word' id='word_1_180' title='bbox 719 2959 767 2999; x_wconf 90' lang='lat' dir='ltr'>me</span> <span class='ocrx_word' id='word_1_181' title='bbox 787 2940 871 3000; x_wconf 85' lang='lat' dir='ltr'>amari</span> 
     </span>
     <span class='ocr_line' id='line_1_30' title="bbox 192 3017 872 3097; baseline 0.004 -19"><span class='ocrx_word' id='word_1_182' title='bbox 192 3034 304 3097; x_wconf 84' lang='lat' dir='ltr'>putem.</span> <span class='ocrx_word' id='word_1_183' title='bbox 326 3018 404 3080; x_wconf 85' lang='lat' dir='ltr'>Nam</span> <span class='ocrx_word' id='word_1_184' title='bbox 425 3022 483 3081; x_wconf 81' lang='lat' dir='ltr'>etsi</span> <span class='ocrx_word' id='word_1_185' title='bbox 503 3041 566 3082; x_wconf 85' lang='lat' dir='ltr'>non</span> <span class='ocrx_word' id='word_1_186' title='bbox 589 3018 673 3083; x_wconf 67' lang='lat' dir='ltr'>facile</span> <span class='ocrx_word' id='word_1_187' title='bbox 702 3017 872 3097; x_wconf 73' lang='lat' dir='ltr'>dijudicam-</span> 
     </span>
    </p>
   </div>
   <div class='ocr_carea' id='block_1_5' title="bbox 0 0 1114 3975">
    <p class='ocr_par' dir='ltr' id='par_1_5' title="bbox 0 0 1114 3975">
     <span class='ocr_line' id='line_1_31' title="bbox 0 0 1114 3975; baseline 0 0"><span class='ocrx_word' id='word_1_188' title='bbox 0 0 1114 3975; x_wconf 95' lang='lat' dir='ltr'> </span> 
     </span>
    </p>
   </div>
  </div>
 </body>
</html>
