<?xml version="1.0" encoding="UTF-8"?>
<!DOCTYPE html PUBLIC "-//W3C//DTD XHTML 1.0 Transitional//EN"
    "http://www.w3.org/TR/xhtml1/DTD/xhtml1-transitional.dtd">
<html xmlns="http://www.w3.org/1999/xhtml" xml:lang="en" lang="en">
 <head>
  <title>
</title>
<meta http-equiv="Content-Type" content="text/html;charset=utf-8" />
  <meta name='ocr-system' content='tesseract 3.04.00' />
  <meta name='ocr-capabilities' content='ocr_page ocr_carea ocr_par ocr_line ocrx_word'/>
</head>
<body>
  <div class='ocr_page' id='page_1' title='image "./mtulliiciceroni07lallgoog_0330.png"; bbox 0 0 2184 3975; ppageno 0'>
   <div class='ocr_carea' id='block_1_1' title="bbox 180 455 774 554">
    <p class='ocr_par' dir='ltr' id='par_1_1' title="bbox 180 455 774 554">
     <span class='ocr_line' id='line_1_1' title="bbox 180 455 774 554; baseline -0.015 -25"><span class='ocrx_word' id='word_1_1' title='bbox 180 469 259 554; x_wconf 75' lang='lat'>&#39;330</span> <span class='ocrx_word' id='word_1_2' title='bbox 330 455 713 524; x_wconf 71' lang='lat' dir='ltr'>Errsrorruuu</span> <span class='ocrx_word' id='word_1_3' title='bbox 770 500 774 507; x_wconf 83' lang='lat'>-</span> 
     </span>
    </p>
   </div>
   <div class='ocr_carea' id='block_1_2' title="bbox 123 561 902 3077">
    <p class='ocr_par' dir='ltr' id='par_1_2' title="bbox 177 561 880 652">
     <span class='ocr_line' id='line_1_2' title="bbox 177 561 880 652; baseline -0.011 -20"><span class='ocrx_word' id='word_1_4' title='bbox 177 569 295 650; x_wconf 66' lang='lat' dir='ltr'>iunctim</span> <span class='ocrx_word' id='word_1_5' title='bbox 314 567 352 628; x_wconf 87' lang='lat' dir='ltr'>de</span> <span class='ocrx_word' id='word_1_6' title='bbox 374 587 410 629; x_wconf 86' lang='lat' dir='ltr'>ea</span> <span class='ocrx_word' id='word_1_7' title='bbox 419 588 456 631; x_wconf 86' lang='lat' dir='ltr'>re</span> <span class='ocrx_word' id='word_1_8' title='bbox 474 565 627 627; x_wconf 83' lang='lat' dir='ltr'>referretur</span> <span class='ocrx_word' id='word_1_9' title='bbox 645 586 663 625; x_wconf 86' lang='lat' dir='ltr'>a</span> <span class='ocrx_word' id='word_1_10' title='bbox 680 561 880 652; x_wconf 69' lang='lat' dir='ltr'>consulibur3¹</span> 
     </span>
    </p>

    <p class='ocr_par' dir='ltr' id='par_1_3' title="bbox 123 645 902 3077">
     <span class='ocr_line' id='line_1_3' title="bbox 178 645 902 739; baseline -0.01 -26"><span class='ocrx_word' id='word_1_11' title='bbox 178 654 276 732; x_wconf 86' lang='lat' dir='ltr'>utique</span> <span class='ocrx_word' id='word_1_12' title='bbox 297 646 361 728; x_wconf 80' lang='lat' dir='ltr'>ejus</span> <span class='ocrx_word' id='word_1_13' title='bbox 381 650 425 709; x_wconf 88' lang='lat' dir='ltr'>rei</span> <span class='ocrx_word' id='word_1_14' title='bbox 444 647 529 710; x_wconf 72' lang='lat' dir='ltr'>causi</span> <span class='ocrx_word' id='word_1_15' title='bbox 546 667 599 727; x_wconf 90' lang='lat' dir='ltr'>per</span> <span class='ocrx_word' id='word_1_16' title='bbox 620 647 683 707; x_wconf 87' lang='lat' dir='ltr'>dies</span> <span class='ocrx_word' id='word_1_17' title='bbox 704 645 872 739; x_wconf 43' lang='lat' dir='ltr'>comitiales(</span> <span class='ocrx_word' id='word_1_18' title='bbox 901 652 902 657; x_wconf 76' lang='grc'>’</span> 
     </span>
     <span class='ocr_line' id='line_1_4' title="bbox 174 722 859 806; baseline -0.006 -13"><span class='ocrx_word' id='word_1_19' title='bbox 174 730 306 795; x_wconf 86' lang='lat' dir='ltr'>senatum</span> <span class='ocrx_word' id='word_1_20' title='bbox 325 729 467 792; x_wconf 89' lang='lat' dir='ltr'>haberent</span> <span class='ocrx_word' id='word_1_21' title='bbox 490 773 501 804; x_wconf 88' lang='lat'><strong>,</strong></span> <span class='ocrx_word' id='word_1_22' title='bbox 529 726 560 788; x_wconf 90' lang='lat' dir='ltr'>S.</span> <span class='ocrx_word' id='word_1_23' title='bbox 580 726 624 806; x_wconf 88' lang='lat' dir='ltr'>Q.</span> <span class='ocrx_word' id='word_1_24' title='bbox 645 725 685 789; x_wconf 91' lang='lat' dir='ltr'>C.</span> <span class='ocrx_word' id='word_1_25' title='bbox 707 722 859 800; x_wconf 49' lang='lat' dir='ltr'>facereutt&#39;:</span> 
     </span>
     <span class='ocr_line' id='line_1_5' title="bbox 178 807 859 894; baseline -0.001 -22"><span class='ocrx_word' id='word_1_26' title='bbox 178 812 235 887; x_wconf 85' lang='lat'>&amp;‚</span> <span class='ocrx_word' id='word_1_27' title='bbox 256 832 348 894; x_wconf 87' lang='lat' dir='ltr'>quum</span> <span class='ocrx_word' id='word_1_28' title='bbox 368 810 405 872; x_wconf 92' lang='lat' dir='ltr'>de</span> <span class='ocrx_word' id='word_1_29' title='bbox 426 831 463 872; x_wconf 89' lang='lat' dir='ltr'>ea</span> <span class='ocrx_word' id='word_1_30' title='bbox 482 830 513 871; x_wconf 89' lang='lat' dir='ltr'>re</span> <span class='ocrx_word' id='word_1_31' title='bbox 536 808 573 870; x_wconf 89' lang='lat' dir='ltr'>ad</span> <span class='ocrx_word' id='word_1_32' title='bbox 591 807 722 870; x_wconf 87' lang='lat' dir='ltr'>serratum</span> <span class='ocrx_word' id='word_1_33' title='bbox 744 808 859 879; x_wconf 77' lang='lat' dir='ltr'>referre·</span> 
     </span>
     <span class='ocr_line' id='line_1_6' title="bbox 177 886 862 972; baseline -0.001 -20"><span class='ocrx_word' id='word_1_34' title='bbox 177 909 225 952; x_wconf 89' lang='lat' dir='ltr'>tur</span> <span class='ocrx_word' id='word_1_35' title='bbox 248 915 266 952; x_wconf 91' lang='lat' dir='ltr'>a</span> <span class='ocrx_word' id='word_1_36' title='bbox 281 889 467 963; x_wconf 84' lang='lat' dir='ltr'>consulibus,</span> <span class='ocrx_word' id='word_1_37' title='bbox 485 910 606 964; x_wconf 88' lang='lat' dir='ltr'>eomm‚</span> <span class='ocrx_word' id='word_1_38' title='bbox 623 892 720 972; x_wconf 87' lang='lat' dir='ltr'>quiin</span> <span class='ocrx_word' id='word_1_39' title='bbox 738 906 808 951; x_wconf 87' lang='lat' dir='ltr'>ccc·</span> <span class='ocrx_word' id='word_1_40' title='bbox 821 886 862 968; x_wconf 81' lang='lat' dir='ltr'>ju·</span> 
     </span>
     <span class='ocr_line' id='line_1_7' title="bbox 179 951 862 1050; baseline -0.001 -18"><span class='ocrx_word' id='word_1_41' title='bbox 179 971 291 1050; x_wconf 60' lang='lat' dir='ltr'>gliribus</span> <span class='ocrx_word' id='word_1_42' title='bbox 322 969 434 1047; x_wconf 86' lang='lat' dir='ltr'>ellent,</span> <span class='ocrx_word' id='word_1_43' title='bbox 462 969 511 1032; x_wconf 83' lang='lat' dir='ltr'>ser</span> <span class='ocrx_word' id='word_1_44' title='bbox 534 971 679 1032; x_wconf 89' lang='lat' dir='ltr'>abducere</span> <span class='ocrx_word' id='word_1_45' title='bbox 703 951 815 1040; x_wconf 65' lang='lat' dir='ltr'>licerit.</span> <span class='ocrx_word' id='word_1_46' title='bbox 833 968 862 1031; x_wconf 78' lang='lat' dir='ltr'>si</span> 
     </span>
     <span class='ocr_line' id='line_1_8' title="bbox 179 1051 864 1141; baseline 0 -26"><span class='ocrx_word' id='word_1_47' title='bbox 179 1053 250 1141; x_wconf 89' lang='lat' dir='ltr'>quid</span> <span class='ocrx_word' id='word_1_48' title='bbox 267 1053 305 1114; x_wconf 90' lang='lat' dir='ltr'>de</span> <span class='ocrx_word' id='word_1_49' title='bbox 317 1073 352 1114; x_wconf 92' lang='lat' dir='ltr'>ea</span> <span class='ocrx_word' id='word_1_50' title='bbox 369 1073 401 1114; x_wconf 90' lang='lat' dir='ltr'>re</span> <span class='ocrx_word' id='word_1_51' title='bbox 416 1051 453 1112; x_wconf 87' lang='lat' dir='ltr'>ad</span> <span class='ocrx_word' id='word_1_52' title='bbox 468 1053 632 1133; x_wconf 89' lang='lat' dir='ltr'>populum,</span> <span class='ocrx_word' id='word_1_53' title='bbox 653 1052 692 1112; x_wconf 82' lang='lat' dir='ltr'>ad</span> <span class='ocrx_word' id='word_1_54' title='bbox 707 1051 864 1138; x_wconf 77' lang='lat' dir='ltr'>plebemve</span> 
     </span>
     <span class='ocr_line' id='line_1_9' title="bbox 180 1130 866 1213; baseline 0 -19"><span class='ocrx_word' id='word_1_55' title='bbox 180 1133 239 1196; x_wconf 86' lang='lat' dir='ltr'>lato</span> <span class='ocrx_word' id='word_1_56' title='bbox 261 1156 280 1194; x_wconf 96' lang='lat' dir='ltr'>o</span> <span class='ocrx_word' id='word_1_57' title='bbox 302 1154 334 1194; x_wconf 90' lang='lat' dir='ltr'>us</span> <span class='ocrx_word' id='word_1_58' title='bbox 352 1131 442 1206; x_wconf 83' lang='lat' dir='ltr'>effer,</span> <span class='ocrx_word' id='word_1_59' title='bbox 464 1135 508 1194; x_wconf 89' lang='lat' dir='ltr'>uti</span> <span class='ocrx_word' id='word_1_60' title='bbox 526 1131 609 1193; x_wconf 83' lang='lat' dir='ltr'>Serv.</span> <span class='ocrx_word' id='word_1_61' title='bbox 631 1130 799 1213; x_wconf 74' lang='lat' dir='ltr'><strong>Sulpicius,</strong></span> <span class='ocrx_word' id='word_1_62' title='bbox 820 1131 866 1194; x_wconf 83' lang='lat' dir='ltr'>M.</span> 
     </span>
     <span class='ocr_line' id='line_1_10' title="bbox 181 1157 865 1296; baseline 0 -23"><span class='ocrx_word' id='word_1_63' title='bbox 181 1157 335 1292; x_wconf 81' lang='lat' dir='ltr'>Marceiius</span> <span class='ocrx_word' id='word_1_64' title='bbox 357 1212 508 1286; x_wconf 82' lang='lat' dir='ltr'>consules,</span> <span class='ocrx_word' id='word_1_65' title='bbox 526 1231 686 1295; x_wconf 69' lang='lat' dir='ltr'>praetoreu,</span> <span class='ocrx_word' id='word_1_66' title='bbox 701 1213 865 1296; x_wconf 84' lang='lat' dir='ltr'>tribunique</span> 
     </span>
     <span class='ocr_line' id='line_1_11' title="bbox 123 1293 866 1376; baseline 0 -22"><span class='ocrx_word' id='word_1_67' title='bbox 123 1298 125 1302; x_wconf 86' lang='grc'><strong>’</strong></span> <span class='ocrx_word' id='word_1_68' title='bbox 179 1295 296 1376; x_wconf 82' lang='lat' dir='ltr'>plebis,</span> <span class='ocrx_word' id='word_1_69' title='bbox 322 1295 425 1374; x_wconf 86' lang='lat' dir='ltr'>quibus</span> <span class='ocrx_word' id='word_1_70' title='bbox 442 1315 545 1355; x_wconf 91' lang='lat' dir='ltr'>eorum</span> <span class='ocrx_word' id='word_1_71' title='bbox 565 1294 714 1375; x_wconf 67' lang='lat' dir='ltr'>videfetur</span> <span class='ocrx_word' id='word_1_72' title='bbox 729 1340 741 1369; x_wconf 90' lang='lat'>‚</span> <span class='ocrx_word' id='word_1_73' title='bbox 754 1293 792 1354; x_wconf 89' lang='lat' dir='ltr'>ad</span> <span class='ocrx_word' id='word_1_74' title='bbox 810 1315 866 1374; x_wconf 87' lang='lat' dir='ltr'>po·</span> 
     </span>
     <span class='ocr_line' id='line_1_12' title="bbox 180 1373 864 1458; baseline 0 -20"><span class='ocrx_word' id='word_1_75' title='bbox 180 1378 310 1458; x_wconf 88' lang='lat' dir='ltr'>pulum,</span> <span class='ocrx_word' id='word_1_76' title='bbox 336 1375 491 1456; x_wconf 83' lang='lat' dir='ltr'>plebemve</span> <span class='ocrx_word' id='word_1_77' title='bbox 510 1373 640 1438; x_wconf 70' lang='lat' dir='ltr'>ferrent:</span> <span class='ocrx_word' id='word_1_78' title='bbox 661 1375 744 1454; x_wconf 87' lang='lat' dir='ltr'>quod</span> <span class='ocrx_word' id='word_1_79' title='bbox 763 1375 864 1438; x_wconf 78' lang='lat' dir='ltr'>iinon</span> 
     </span>
     <span class='ocr_line' id='line_1_13' title="bbox 180 1452 865 1537; baseline 0 -21"><span class='ocrx_word' id='word_1_80' title='bbox 180 1456 324 1529; x_wconf 74' lang='lat' dir='ltr'>cubilem,</span> <span class='ocrx_word' id='word_1_81' title='bbox 337 1459 378 1517; x_wconf 90' lang='lat' dir='ltr'>uti</span> <span class='ocrx_word' id='word_1_82' title='bbox 390 1501 399 1531; x_wconf 91' lang='lat'>,</span> <span class='ocrx_word' id='word_1_83' title='bbox 413 1461 589 1537; x_wconf 86' lang='lat' dir='ltr'>quicumque</span> <span class='ocrx_word' id='word_1_84' title='bbox 598 1454 744 1536; x_wconf 75' lang='lat' dir='ltr'>&#39;&#39;deinceps</span> <span class='ocrx_word' id='word_1_85' title='bbox 758 1452 865 1531; x_wconf 86' lang='lat' dir='ltr'>elleut,</span> 
     </span>
     <span class='ocr_line' id='line_1_14' title="bbox 181 1534 867 1619; baseline 0 -20"><span class='ocrx_word' id='word_1_86' title='bbox 181 1538 220 1601; x_wconf 75' lang='lat' dir='ltr'>ad</span> <span class='ocrx_word' id='word_1_87' title='bbox 252 1538 394 1619; x_wconf 88' lang='lat' dir='ltr'>populum</span> <span class='ocrx_word' id='word_1_88' title='bbox 425 1537 581 1618; x_wconf 64' lang='lat' dir='ltr'>plebemve</span> <span class='ocrx_word' id='word_1_89' title='bbox 616 1534 739 1599; x_wconf 80' lang='lat' dir='ltr'>ferrent.</span> <span class='ocrx_word' id='word_1_90' title='bbox 761 1537 812 1598; x_wconf 88' lang='lat' dir='ltr'>-A.</span> <span class='ocrx_word' id='word_1_91' title='bbox 836 1535 867 1599; x_wconf 86' lang='lat' dir='ltr'>d.</span> 
     </span>
     <span class='ocr_line' id='line_1_15' title="bbox 205 1608 865 1710; baseline -0.005 -31"><span class='ocrx_word' id='word_1_92' title='bbox 205 1618 259 1679; x_wconf 86' lang='lat' dir='ltr'>rid.</span> <span class='ocrx_word' id='word_1_93' title='bbox 275 1617 343 1679; x_wconf 79' lang='lat' dir='ltr'>Kal.</span> <span class='ocrx_word' id='word_1_94' title='bbox 359 1616 468 1689; x_wconf 67' lang='lat' dir='ltr'>ottob.</span> <span class='ocrx_word' id='word_1_95' title='bbox 487 1608 598 1679; x_wconf 84' lang='lat' dir='ltr'>in‘aede</span> <span class='ocrx_word' id='word_1_96' title='bbox 616 1617 784 1710; x_wconf 84' lang='lat' dir='ltr'>Apolli-nis,</span> <span class='ocrx_word' id='word_1_97' title='bbox 800 1614 865 1677; x_wconf 86' lang='lat' dir='ltr'>scri-</span> 
     </span>
     <span class='ocr_line' id='line_1_16' title="bbox 181 1639 868 1775; baseline -0.004 -14"><span class='ocrx_word' id='word_1_98' title='bbox 181 1639 282 1775; x_wconf 59' lang='lat' dir='ltr'>bendo</span> <span class='ocrx_word' id='word_1_99' title='bbox 303 1695 444 1760; x_wconf 86' lang='lat' dir='ltr'>affuerunt</span> <span class='ocrx_word' id='word_1_100' title='bbox 455 1743 465 1771; x_wconf 89' lang='lat'>,</span> <span class='ocrx_word' id='word_1_101' title='bbox 476 1697 522 1759; x_wconf 91' lang='lat' dir='ltr'>·L.</span> <span class='ocrx_word' id='word_1_102' title='bbox 539 1696 692 1758; x_wconf 80' lang='lat' dir='ltr'>Dominus</span> <span class='ocrx_word' id='word_1_103' title='bbox 713 1696 778 1758; x_wconf 85' lang='lat' dir='ltr'>Cn.</span> <span class='ocrx_word' id='word_1_104' title='bbox 794 1695 868 1759; x_wconf 73' lang='lat' dir='ltr'>filius</span> 
     </span>
     <span class='ocr_line' id='line_1_17' title="bbox 181 1775 869 1858; baseline -0.006 -16"><span class='ocrx_word' id='word_1_105' title='bbox 181 1778 416 1855; x_wconf 76' lang='lat' dir='ltr'>Ahenobarbus,</span> <span class='ocrx_word' id='word_1_106' title='bbox 435 1778 479 1858; x_wconf 92' lang='lat' dir='ltr'>Q</span> <span class='ocrx_word' id='word_1_107' title='bbox 496 1776 629 1839; x_wconf 76' lang='lat' dir='ltr'>Caecilius</span> <span class='ocrx_word' id='word_1_108' title='bbox 647 1775 694 1856; x_wconf 92' lang='lat' dir='ltr'>Q</span> <span class='ocrx_word' id='word_1_109' title='bbox 709 1777 787 1841; x_wconf 87' lang='lat' dir='ltr'>filius</span> <span class='ocrx_word' id='word_1_110' title='bbox 802 1777 869 1839; x_wconf 86' lang='lat' dir='ltr'>Me·</span> 
     </span>
     <span class='ocr_line' id='line_1_18' title="bbox 179 1856 870 1940; baseline -0.001 -20"><span class='ocrx_word' id='word_1_111' title='bbox 179 1861 266 1921; x_wconf 82' lang='lat' dir='ltr'>tellus</span> <span class='ocrx_word' id='word_1_112' title='bbox 296 1859 361 1920; x_wconf 87' lang='lat' dir='ltr'>Pius</span> <span class='ocrx_word' id='word_1_113' title='bbox 390 1859 517 1940; x_wconf 87' lang='lat' dir='ltr'>Scipio,</span> <span class='ocrx_word' id='word_1_114' title='bbox 538 1860 573 1922; x_wconf 87' lang='lat' dir='ltr'>L.</span> <span class='ocrx_word' id='word_1_115' title='bbox 597 1858 704 1918; x_wconf 88' lang='lat' dir='ltr'>Villius</span> <span class='ocrx_word' id='word_1_116' title='bbox 730 1859 768 1920; x_wconf 98' lang='lat' dir='ltr'>L.</span> <span class='ocrx_word' id='word_1_117' title='bbox 793 1856 870 1920; x_wconf 73' lang='lat' dir='ltr'>filius</span> 
     </span>
     <span class='ocr_line' id='line_1_19' title="bbox 181 1929 867 2024; baseline 0 -23"><span class='ocrx_word' id='word_1_118' title='bbox 181 1929 299 2024; x_wconf 68' lang='lat' dir='ltr'>Pompt.</span> <span class='ocrx_word' id='word_1_119' title='bbox 324 1938 469 2015; x_wconf 70' lang='lat' dir='ltr'>Anniba,</span> <span class='ocrx_word' id='word_1_120' title='bbox 490 1938 530 2001; x_wconf 83' lang='lat' dir='ltr'>C.</span> <span class='ocrx_word' id='word_1_121' title='bbox 554 1939 710 2022; x_wconf 82' lang='lat' dir='ltr'>Septimius</span> <span class='ocrx_word' id='word_1_122' title='bbox 736 1934 776 2001; x_wconf 88' lang='lat' dir='ltr'>T.</span> <span class='ocrx_word' id='word_1_123' title='bbox 794 1937 867 2002; x_wconf 76' lang='lat' dir='ltr'>filius</span> 
     </span>
     <span class='ocr_line' id='line_1_20' title="bbox 184 2017 868 2103; baseline 0.003 -22"><span class='ocrx_word' id='word_1_124' title='bbox 184 2019 333 2101; x_wconf 70' lang='lat' dir='ltr'>Quirini,</span> <span class='ocrx_word' id='word_1_125' title='bbox 361 2017 399 2080; x_wconf 89' lang='lat' dir='ltr'>C.</span> <span class='ocrx_word' id='word_1_126' title='bbox 428 2020 594 2081; x_wconf 88' lang='lat' dir='ltr'>Scribonius</span> <span class='ocrx_word' id='word_1_127' title='bbox 623 2019 661 2081; x_wconf 88' lang='lat' dir='ltr'>C.</span> <span class='ocrx_word' id='word_1_128' title='bbox 690 2020 768 2083; x_wconf 85' lang='lat' dir='ltr'>filius</span> <span class='ocrx_word' id='word_1_129' title='bbox 794 2020 868 2103; x_wconf 84' lang='lat' dir='ltr'>Pop.</span> 
     </span>
     <span class='ocr_line' id='line_1_21' title="bbox 184 2099 865 2182; baseline -0.001 -20"><span class='ocrx_word' id='word_1_130' title='bbox 184 2100 301 2175; x_wconf 89' lang='lat' dir='ltr'>Curio,</span> <span class='ocrx_word' id='word_1_131' title='bbox 318 2099 352 2161; x_wconf 89' lang='lat' dir='ltr'>L.</span> <span class='ocrx_word' id='word_1_132' title='bbox 374 2101 478 2163; x_wconf 85' lang='lat' dir='ltr'>Ateius</span> <span class='ocrx_word' id='word_1_133' title='bbox 498 2101 532 2163; x_wconf 90' lang='lat' dir='ltr'>L.</span> <span class='ocrx_word' id='word_1_134' title='bbox 548 2100 622 2162; x_wconf 87' lang='lat' dir='ltr'>filius</span> <span class='ocrx_word' id='word_1_135' title='bbox 647 2101 707 2163; x_wconf 80' lang='lat' dir='ltr'>An.</span> <span class='ocrx_word' id='word_1_136' title='bbox 728 2100 865 2182; x_wconf 84' lang='lat' dir='ltr'>Capito,</span> 
     </span>
     <span class='ocr_line' id='line_1_22' title="bbox 180 2181 867 2262; baseline 0.006 -21"><span class='ocrx_word' id='word_1_137' title='bbox 180 2182 233 2243; x_wconf 81' lang='lat' dir='ltr'>M.</span> <span class='ocrx_word' id='word_1_138' title='bbox 259 2183 376 2262; x_wconf 89' lang='lat' dir='ltr'>Oppius</span> <span class='ocrx_word' id='word_1_139' title='bbox 402 2182 447 2242; x_wconf 92' lang='lat' dir='ltr'>M.</span> <span class='ocrx_word' id='word_1_140' title='bbox 473 2181 548 2244; x_wconf 89' lang='lat' dir='ltr'>filius</span> <span class='ocrx_word' id='word_1_141' title='bbox 575 2182 748 2244; x_wconf 71' lang='lat' dir='ltr'>Terentini.</span> <span class='ocrx_word' id='word_1_142' title='bbox 773 2181 867 2261; x_wconf 73' lang='lat' dir='ltr'>Qubd</span> 
     </span>
     <span class='ocr_line' id='line_1_23' title="bbox 182 2260 867 2343; baseline -0.001 -21"><span class='ocrx_word' id='word_1_143' title='bbox 182 2260 233 2323; x_wconf 88' lang='lat' dir='ltr'>M.</span> <span class='ocrx_word' id='word_1_144' title='bbox 253 2262 385 2322; x_wconf 88' lang='lat' dir='ltr'>Marcell.</span> <span class='ocrx_word' id='word_1_145' title='bbox 409 2261 468 2322; x_wconf 85' lang='lat' dir='ltr'>eos.</span> <span class='ocrx_word' id='word_1_146' title='bbox 491 2263 531 2325; x_wconf 90' lang='lat' dir='ltr'>V.</span> <span class='ocrx_word' id='word_1_147' title='bbox 548 2262 593 2325; x_wconf 72' lang='lat' dir='ltr'>f.</span> <span class='ocrx_word' id='word_1_148' title='bbox 618 2263 654 2323; x_wconf 92' lang='lat' dir='ltr'>de</span> <span class='ocrx_word' id='word_1_149' title='bbox 683 2265 867 2343; x_wconf 87' lang='lat' dir='ltr'>provinciis,</span> 
     </span>
     <span class='ocr_line' id='line_1_24' title="bbox 182 2339 867 2420; baseline 0.006 -18"><span class='ocrx_word' id='word_1_150' title='bbox 182 2340 224 2408; x_wconf 89' lang='lat' dir='ltr'>D.</span> <span class='ocrx_word' id='word_1_151' title='bbox 241 2340 277 2403; x_wconf 82' lang='lat' dir='ltr'>E.</span> <span class='ocrx_word' id='word_1_152' title='bbox 292 2342 330 2404; x_wconf 90' lang='lat' dir='ltr'>R.</span> <span class='ocrx_word' id='word_1_153' title='bbox 351 2340 376 2401; x_wconf 91' lang='lat' dir='ltr'>I.</span> <span class='ocrx_word' id='word_1_154' title='bbox 393 2339 432 2403; x_wconf 87' lang='lat' dir='ltr'>C.</span> <span class='ocrx_word' id='word_1_155' title='bbox 452 2342 580 2405; x_wconf 87' lang='lat' dir='ltr'>senatum</span> <span class='ocrx_word' id='word_1_156' title='bbox 602 2342 789 2420; x_wconf 83' lang='lat' dir='ltr'>existimare,</span> <span class='ocrx_word' id='word_1_157' title='bbox 811 2364 867 2406; x_wconf 89' lang='lat' dir='ltr'>ne-</span> 
     </span>
     <span class='ocr_line' id='line_1_25' title="bbox 181 2421 870 2507; baseline 0.004 -24"><span class='ocrx_word' id='word_1_158' title='bbox 181 2421 293 2490; x_wconf 81' lang='lat' dir='ltr'>¹minem</span> <span class='ocrx_word' id='word_1_159' title='bbox 324 2443 460 2498; x_wconf 86' lang='lat' dir='ltr'>eorum,</span> <span class='ocrx_word' id='word_1_160' title='bbox 486 2430 534 2507; x_wconf 89' lang='lat' dir='ltr'>qui</span> <span class='ocrx_word' id='word_1_161' title='bbox 565 2424 739 2506; x_wconf 88' lang='lat' dir='ltr'>potestatem</span> <span class='ocrx_word' id='word_1_162' title='bbox 762 2425 870 2486; x_wconf 86' lang='lat' dir='ltr'>habent</span> 
     </span>
     <span class='ocr_line' id='line_1_26' title="bbox 180 2501 869 2586; baseline 0.006 -21"><span class='ocrx_word' id='word_1_163' title='bbox 180 2501 406 2579; x_wconf 71' lang='lat' dir='ltr'>intercedendi,</span> <span class='ocrx_word' id='word_1_164' title='bbox 419 2507 618 2586; x_wconf 84' lang='lat' dir='ltr'>impediendi,</span> <span class='ocrx_word' id='word_1_165' title='bbox 636 2527 750 2567; x_wconf 83' lang='lat' dir='ltr'>moram</span> <span class='ocrx_word' id='word_1_166' title='bbox 767 2504 869 2570; x_wconf 85' lang='lat' dir='ltr'>afferre</span> 
     </span>
     <span class='ocr_line' id='line_1_27' title="bbox 141 2749 866 2833; baseline -0.001 -24"><span class='ocrx_word' id='word_1_167' title='bbox 141 2826 143 2830; x_wconf 13' lang='lat' dir='ltr'>y</span> <span class='ocrx_word' id='word_1_168' title='bbox 206 2752 286 2812; x_wconf 87' lang='lat' dir='ltr'>ossit.</span> <span class='ocrx_word' id='word_1_169' title='bbox 302 2750 364 2830; x_wconf 90' lang='lat' dir='ltr'>Qui</span> <span class='ocrx_word' id='word_1_170' title='bbox 381 2749 566 2831; x_wconf 67' lang='lat' dir='ltr'>impedierit,</span> <span class='ocrx_word' id='word_1_171' title='bbox 583 2750 785 2833; x_wconf 84' lang='lat' dir='ltr'>prohibuerit,</span> <span class='ocrx_word' id='word_1_172' title='bbox 800 2768 866 2810; x_wconf 89' lang='lat' dir='ltr'>eum</span> 
     </span>
     <span class='ocr_line' id='line_1_28' title="bbox 182 2770 867 2911; baseline 0 -22"><span class='ocrx_word' id='word_1_173' title='bbox 182 2770 319 2891; x_wconf 60' lang='lat' dir='ltr'>Senatum</span> <span class='ocrx_word' id='word_1_174' title='bbox 343 2826 504 2891; x_wconf 83' lang='lat' dir='ltr'>existimare</span> <span class='ocrx_word' id='word_1_175' title='bbox 533 2849 634 2892; x_wconf 84' lang='lat' dir='ltr'>contra</span> <span class='ocrx_word' id='word_1_176' title='bbox 660 2831 867 2911; x_wconf 82' lang='lat' dir='ltr'>rempublicam</span> 
     </span>
     <span class='ocr_line' id='line_1_29' title="bbox 182 2904 866 2992; baseline 0.004 -23"><span class='ocrx_word' id='word_1_177' title='bbox 182 2904 293 2978; x_wconf 65' lang='lat' dir='ltr'>ieciffe.</span> <span class='ocrx_word' id='word_1_178' title='bbox 310 2910 341 2974; x_wconf 89' lang='lat' dir='ltr'>Si</span> <span class='ocrx_word' id='word_1_179' title='bbox 358 2912 420 2992; x_wconf 86' lang='lat' dir='ltr'>quis</span> <span class='ocrx_word' id='word_1_180' title='bbox 438 2910 503 2971; x_wconf 90' lang='lat' dir='ltr'>huic</span> <span class='ocrx_word' id='word_1_181' title='bbox 518 2911 766 2973; x_wconf 86' lang='lat' dir='ltr'>senatusconsulto</span> <span class='ocrx_word' id='word_1_182' title='bbox 782 2915 866 2972; x_wconf 86' lang='lat' dir='ltr'>inter·</span> 
     </span>
     <span class='ocr_line' id='line_1_30' title="bbox 181 2990 866 3077; baseline 0.006 -26"><span class='ocrx_word' id='word_1_183' title='bbox 181 2990 294 3077; x_wconf 73' lang='lat' dir='ltr'>cesserit</span> <span class='ocrx_word' id='word_1_184' title='bbox 306 3038 318 3069; x_wconf 85' lang='lat'>,</span> <span class='ocrx_word' id='word_1_185' title='bbox 328 2991 436 3055; x_wconf 83' lang='lat' dir='ltr'>senatui</span> <span class='ocrx_word' id='word_1_186' title='bbox 454 2993 567 3075; x_wconf 86' lang='lat' dir='ltr'>placere</span> <span class='ocrx_word' id='word_1_187' title='bbox 585 2992 787 3073; x_wconf 64' lang='lat' dir='ltr'>auelotitatem</span> <span class='ocrx_word' id='word_1_188' title='bbox 801 3011 866 3077; x_wconf 46' lang='lat' dir='ltr'>pere</span> 
     </span>
    </p>
   </div>
   <div class='ocr_carea' id='block_1_3' title="bbox 81 3343 193 3504">
    <p class='ocr_par' dir='ltr' id='par_1_4' title="bbox 81 3343 193 3504">
     <span class='ocr_line' id='line_1_31' title="bbox 81 3343 193 3504; baseline 0 -140"><span class='ocrx_word' id='word_1_189' title='bbox 81 3343 193 3504; x_wconf 34' lang='grc' dir='ltr'>,ἦ</span> 
     </span>
    </p>
   </div>
   <div class='ocr_carea' id='block_1_4' title="bbox 0 0 1103 3975">
    <p class='ocr_par' dir='ltr' id='par_1_5' title="bbox 0 0 1103 3975">
     <span class='ocr_line' id='line_1_32' title="bbox 0 0 1103 3975; baseline 0 0"><span class='ocrx_word' id='word_1_190' title='bbox 0 0 1103 3975; x_wconf 95' lang='lat' dir='ltr'> </span> 
     </span>
    </p>
   </div>
  </div>
 </body>
</html>
