2184 3975
297 482 747 565 dominumtuum.
763 484 813 565 11.
847 500 901 588 77

212 604 295 668 turus
313 604 356 669 est
373 605 530 687 quisquam
551 605 702 667 Laodiceae
722 627 772 666 me
790 606 904 688 praedus

211 703 405 769 accepturum
425 688 548 749 arbitror
570 689 665 747 omnis
686 690 815 767 pecuniae
839 710 899 768 pu·

212 767 299 829 blicae
312 808 326 843 5
341 785 374 829 ut
394 766 427 826 δι
447 768 517 827 mibi
540 767 633 849 &po
655 768 705 826 ulo
730 786 844 828 cautum
864 771 901 829 sit

211 852 277 911 sine
297 846 424 910 veuurae
448 847 591 930 periculo.-
621 789 718 925 {uod
744 848 838 908 scribis
861 849 899 909 ad

211 929 318 991 mede
335 928 479 990 drachmis
494 944 663 1001 cccrum
679 927 750 988 nihil
767 927 807 989 est
820 930 901 1008 quod

201 1012 244 1069 in
267 1008 460 1093 istogerrere.
473 1012 606 1091 cuiquam
627 1011 740 1089 possim
761 1028 901 1071 commo-

211 1090 304 1151 clare:
328 1092 425 1150 omnis
445 1093 524 1150 enim
544 1092 669 1168 pecunia
686 1090 725 1149 ita
742 1089 901 1186 tractatur,

211 1170 436 1340 uum}
449 1169 900 1331 murmurum

210 1334 344 1415 quaeris,
367 1331 455 1412 quid.
471 1329 629 1391 existimem
648 1331 687 1391 de
707 1332 897 1415 legionibus,

209 1409 690 1554 imbbffibssm
707 1414 900 1552 rrum

210 1594 275 1635 non
293 1571 336 1635 est
354 1572 495 1647 dubium,
515 1575 605 1655 quin,
627 1575 652 1632 si
667 1590 753 1633 antea
771 1572 900 1634 ruditum

210 1658 268 1716 erit
292 1657 386 1716 oricum
409 1651 466 1714 effu
492 1653 654 1735 in·Syria··,
683 1668 814 1714 ventura
836 1676 898 1715 non

197 1739 281 1798 ¹rint.
312 1734 438 1796 Marium
460 1735 580 1816 quidem
604 1731 791 1794 successorem
818 1735 901 1795 tarde

210 1817 304 1878 video
319 1812 391 1877 'effe
420 1833 575 1876 venturum
596 1820 792 1895 ;.?proprerea
816 1817 898 1897 qubd

212 1895 328 1958 serratus
347 1898 388 1956 ita
411 1895 539 1957 decreuit
562 1943 572 1968 ‚
599 1912 632 1956 ut
650 1916 717 1958 cum
734 1897 897 1979 legionibus

214 1980 279 2040 iret.
299 1976 362 2039 Uni
380 1977 509 2060 epistolar
524 1977 672 2059 respondit·
686 1976 714 2035 V
718 1982 785 2039 ertio
802 1978 839 2039 ad
858 1980 899 2041 al·

212 2076 320 2122 teram.
336 2058 431 2134 Petis,
450 2075 483 2118 ut
499 2056 603 2121 Bibulo
620 2076 649 2119 re
667 2059 753 2143 quim
773 2060 897 2143 diiigen-

211 2143 325 2204 tissimb
354 2139 585 2202 commendem:
617 2142 647 2200 irr
667 2162 726 2223 quo
746 2141 817 2200 mibi
835 2161 898 2201 vo-

210 2224 310 2284 luntas
324 2243 385 2282 non
403 2221 482 2283 deest
493 2227 512 2295 ;T
526 2221 575 2286 sed
594 2222 676 2284 locus
700 2220 756 2284 effe
778 2221 895 2284 videtur

211 2321 314 2366 tecum
340 2301 568 2384 expostulandi:
592 2302 670 2365 solus
695 2306 775 2364 enim
801 2322 832 2364 tu
859 2325 897 2365 ex

211 2386 373 2459 omnibus,
397 2386 446 2465 qui
468 2405 536 2444 cum
553 2383 659 2446 Bibulo
677 2384 764 2459 sunt,
790 2386 899 2445 certio·

211 2487 278 2527 rem
302 2482 351 2525 me
372 2484 531 2547 numquam
552 2464 669 2539 fecisti,
700 2463 787 2547 quim
809 2466 899 2527 valde

211 2545 313 2607 Bibuli
333 2545 469 2606 volumtat'
493 2568 511 2605 a
534 2565 584 2606 me
609 2550 672 2605 sine
692 2546 773 2607 causa
790 2547 897 2608 abhor-

210 2644 301 2688 reret.
321 2624 458 2688 Permulti
476 2627 556 2686 et'rim
577 2626 614 2685 ad
634 2647 682 2687 me
704 2627 867 2688 detulerunt
881 2672 894 2699 ‚

211 2728 304 2788 quum
320 2727 444 2789 magnus
460 2706 625 2767 Antiochiae
644 2726 739 2769 metus
754 2707 842 2782 effer,
862 2707 896 2766 &

212 2808 319 2872 magna
348 2786 412 2849 ses
439 2791 470 2848 in
497 2809 568 2863 me,
593 2808 679 2870 arque
709 2793 739 2849 in
766 2789 896 2851 exercitu

211 2889 305 2944 tneo,
323 2810 442 2930 februm
460 2869 581 2943 dicere,
596 2870 709 2952 quidvis
728 2870 756 2931 se
778 2870 894 2949 perpeti

211 2950 325 3023 malle,
343 2950 432 3031 quim
447 2951 541 3012 videri
560 2970 577 3010 e
619 2949 668 3012 'ffe
683 2951 789 3010 auxilio
807 2968 896 3010 meo:

211 3032 295 3115 quod
315 3052 382 3115 ego.
394 3029 491 3095 officio
510 3052 574 3116 quae
617 3035 662 3095 rio
682 3049 711 3092 te
739 3028 896 3091 addufluur

391 3189 421 3244 ff
697 3107 778 3190 uu}
