2184 3975
295 436 364 571 Ao
377 474 770 554 marimanam.
805 489 882 576 241¹

198 596 338 674 'Asiaticae
363 599 570 679 negotiationis
593 595 782 676 proficiscare.
808 596 881 659 Hac

198 696 251 740 tua
277 678 447 741 deliberatio
472 697 533 738 non
560 679 630 738 milri
649 681 804 740 convenire
824 679 884 740 visu

199 760 244 822 est
266 782 334 822 cum
354 761 486 820 oratione
513 759 609 841 Largi.
633 757 686 820 llle
715 763 793 820 enim
814 779 883 834 me-

199 862 269 902 cum
293 886 304 916 ,
336 842 417 921 quasi
445 839 496 899 tibi
525 861 586 899 non
609 840 709 900 liceret
733 842 763 898 in
787 839 883 901 Sicilia

200 915 308 984 diutius
330 921 527 992 commorari,
548 919 588 979 ita
609 922 724 981 locutus
746 936 824 980 erat:
851 936 882 981 tu

200 1021 322 1074 autem,
339 1003 420 1083 quasi
438 997 603 1069 concellum
626 1003 683 1074 sit,
707 1004 747 1061 ita
770 1000 884 1062 delibe-

200 1105 257 1144 ras.
280 1081 339 1144 Sed
358 1101 438 1164 ego,
457 1084 518 1142 sive
536 1081 616 1155 hoc,
643 1085 706 1142 sive
725 1080 795 1140 illud
814 1081 883 1155 est,

201 1165 232 1224 in
253 1161 349 1224 Sicilia
367 1160 471 1223 censeo
489 1163 741 1222 commorandum.
762 1161 884 1243 Propin-

200 1247 295 1326 quitas
315 1244 447 1303 locorum
467 1242 516 1302 vel
537 1243 574 1302 ad
596 1241 807 1323 impetrandum
829 1243 883 1303 ad·

200 1322 283 1403 juvat
308 1323 416 1384 crebris
436 1323 536 1384 litteris
564 1324 597 1383 &
618 1325 748 1396 nuntiis,
777 1324 826 1383 vel
845 1327 882 1386 ad

200 1404 311 1467 redimis
332 1405 544 1477 celeritatem,
573 1425 604 1464 re
630 1420 679 1463 aut
701 1406 884 1483 impetrata,

221 1487 282 1561 uod
305 1484 411 1565 spero,
433 1500 483 1544 aut
503 1483 598 1565 aliquia
612 1487 723 1544 ratione
743 1485 885 1547 confefla.

200 1507 409 1648 Quamobrem
429 1564 534 1627 censeo
554 1585 662 1647 magno
686 1584 775 1645 opere
796 1587 884 1625 com-

199 1647 384 1723 morandum.
401 1645 440 1707 T.
460 1645 597 1706 Furfanio
618 1643 780 1720 Postumo,
801 1645 886 1706 fami·
915 1643 918 1648 ’

199 1729 261 1790 liari
295 1747 392 1801 meo,
416 1725 571 1808 legatisque
597 1725 688 1802 eius,
719 1729 790 1787 item
810 1731 883 1790 meis

199 1807 410 1882 familiaribus,
430 1807 649 1890 diligentissime
669 1823 699 1868 te
726 1827 883 1870 commen·

199 1891 298 1962 dabo,
324 1909 414 1972 quum
433 1891 587 1952 venerint:
604 1907 685 1950 erant
705 1891 784 1949 enim
810 1911 880 1950 om-

200 1980 251 2035 nes
283 1970 423 2033 Mutina:
445 1972 501 2032 viri
528 1968 592 2030 funt
622 1972 749 2051 optimi,
776 1970 808 2031 &
839 1973 881 2032 tui

200 2054 338 2114 similium
354 2050 492 2124 studiosi,
508 2051 540 2110 &
556 2053 614 2111 mei
630 2050 782 2112 neceffarii.
801 2050 881 2129 Quae

200 2135 273 2195 mihi
288 2136 411 2196 venient
426 2134 456 2192 in
471 2150 622 2206 mentem,
641 2154 704 2213 quae
716 2132 752 2191 ad
769 2148 798 2192 te
817 2153 883 2212 per-

200 2218 294 2278 tinere
315 2212 473 2275 arbitrabor
485 2257 502 2284 „
516 2232 552 2273 ea
571 2213 667 2273 meris
683 2228 753 2274 onte
770 2211 883 2275 faciam.

201 2295 230 2358 Si
250 2296 324 2379 quid
341 2298 351 2355 i
390 2294 502 2366 orabo,
520 2294 557 2355 de
576 2314 614 2354 eo
636 2236 799 2355 admonitus
817 2316 883 2355 om·

200 2380 283 2437 nium
309 2375 350 2435 stu
374 2378 399 2436 'a
417 2377 542 2436 vincam.
564 2373 628 2457 Ego
649 2378 703 2435 etsi
727 2375 825 2434 coram
844 2377 881 2436 de

202 2474 230 2519 te
250 2477 321 2518 cum
338 2455 475 2517 Furfanio
495 2458 535 2514 ita
555 2456 676 2535 loquar,
696 2472 727 2515 ur
742 2455 791 2515 ribi
808 2456 884 2517 litte·

202 2540 239 2598 ris
258 2539 333 2602 meis
356 2537 393 2597 ad
411 2556 479 2597 eum
500 2536 571 2595 nihil
591 2558 665 2616 opus
686 2538 741 2596 sit:
762 2552 881 2612 tamen,

202 2620 342 2700 quoniam
361 2618 417 2679 tuis
435 2619 541 2698 placuit
561 2634 592 2677 te
610 2617 714 2677 habere
734 2637 812 2678 meas
829 2619 881 2678 lit-

205 2716 294 2773 teras,
307 2720 379 2781 quas
395 2700 424 2759 ei
436 2698 593 2772 redderes,
609 2719 721 2760 morem
736 2698 778 2757 his
817 2702 883 2758 essi.

206 2776 308 2841 larum
327 2781 486 2841 litterarum
503 2781 671 2864 exemplum
693 2777 766 2842 infra
790 2719 882 2858 (irip-

206 2874 265 2923 tutn
284 2858 337 2945 eli.
354 2860 441 2923 Vale.

246 3108 346 3170 Tomus
364 3107 425 3184 xl,
