2184 3975
283 545 332 628 28
439 543 799 616 Enisroinnnn

323 662 382 722 enti
411 660 538 732 senatu,
567 657 664 719 Idibus
694 659 766 719 Maii
795 657 958 722 referretur:

278 683 359 802 §uum
384 743 467 820 potui
486 742 578 822 magis
600 744 630 799 in
652 760 746 800 arcem
767 740 842 800 illius
867 739 957 800 causae

276 821 440 896 invadere,
465 838 515 883 aut
530 823 620 902 magis
643 819 771 880 oblivisci
791 840 850 880 tem
874 841 957 879 orum

278 921 442 974 meorum,
468 898 626 963 meminisse
647 900 791 960 assionum
815 900 826 959 i
887 921 958 960 aea

277 1001 327 1043 me
355 981 494 1044 sententis
518 979 624 1053 diua,
650 1000 772 1061 magnus
795 983 965 1040 animorum>

276 1060 366 1128 sadus
384 1061 427 1122 est
444 1078 562 1132 motus,
582 1079 670 1140 quum
687 1079 813 1134 eorum,
830 1081 955 1142 quom

275 1144 432 1222 oportuit,
461 1156 525 1202 tum
551 1140 667 1200 illorum
690 1143 807 1214 etiam,
833 1160 958 1222 quorum

276 1242 436 1304 numquam
453 1237 592 1301 putaram.
609 1217 686 1279 Nam
702 1221 760 1280 hoc
772 1219 958 1301 senatuscon-

277 1301 352 1365 sulto
372 1305 402 1361 in
425 1321 521 1361 meam
540 1299 711 1360 sententiam
732 1299 836 1375 fado,
865 1301 958 1362 Pom·

277 1385 380 1463 peius,
394 1401 483 1461 quum
501 1381 572 1444 mihi
585 1380 655 1440 nihil
673 1378 834 1458 ostendisset
848 1380 876 1442 se
900 1381 957 1452 esse

276 1458 449 1537 offensum,
476 1464 506 1523 in
523 1461 683 1524 Sardiniam
703 1506 713 1535 ,
732 1461 810 1521 &in
827 1459 958 1521 Africam

276 1541 423 1624 professus
446 1540 522 1614 est,
553 1562 648 1623 eoque
667 1544 768 1602 itinere
791 1540 899 1601 Lucam
922 1541 958 1602 ad

278 1620 423 1683 Caesarem
448 1625 539 1687 venit,
571 1621 615 1680 Ibi
636 1623 726 1682 multa
748 1622 785 1680 de
806 1641 873 1681 mea
889 1622 958 1682 sen*

275 1705 367 1768 tentia
434 1699 507 1762 estus
536 1699 577 1763 est
606 1699 735 1774 Caesar‚
789 1705 878 1782 uippe
909 1705 960 1783 qui

275 1787 367 1844 etiam
420 1802 538 1845 avennae
567 1778 698 1844 Crassum
725 1721 792 1841 and
813 1780 959 1857 vidisset,

274 1861 315 1926 ab
334 1882 430 1942 eoque
448 1864 478 1920 in
493 1880 540 1924 me
559 1859 628 1922 esset
648 1859 786 1923 incensus.
804 1860 878 1921 Sane
894 1883 961 1923 mo·

275 1939 346 2013 leste
367 1941 537 2021 Pompeium
554 1942 585 2001 id
602 1941 676 2002 serre
694 1939 859 2002 constabat:
876 1943 957 2022 quod

277 2042 336 2105 ego
393 2040 444 2081 um
462 2018 599 2082 audissem
614 2042 651 2081 ex
673 2022 756 2093 aliis,
776 2025 900 2083 maxime
921 2044 958 2083 ex

277 2042 449 2172 meo‘ssatre
471 2104 619 2183 cognovi,
638 2121 726 2182 quem
744 2122 834 2182 quum
849 2105 878 2162 in
893 2102 960 2163 Sar-

275 2182 356 2254 ,dinia
373 2182 528 2261 Pompeius
542 2185 639 2262 paucis
654 2179 717 2262 post
731 2180 854 2256 diebus,
870 2183 959 2265 qudm

278 2262 359 2331 Lucd
384 2259 564 2335 discesserat,
585 2258 787 2333 convenisset:
815 2260 886 2337 Te,
908 2267 959 2323 in-

278 2344 359 2422 quit,
379 2340 471 2423 ipsum
491 2345 599 2423 cupio;
622 2342 693 2425 nihil
715 2344 885 2421 oportunius
928 2366 960 2416 o·

278 2424 334 2483 tuit
349 2422 479 2487 accidere
494 2443 501 2488 ;
514 2424 570 2490 nisi
586 2443 651 2483 cum
667 2421 770 2488 Marco
788 2420 875 2483 fratre
913 2425 971 2483 ili··

278 2520 381 2586 genter
406 2522 422 2570 e
444 2505 531 2577 eris,
561 2500 786 2583 dependendum
810 2502 863 2563 tibi
887 2502 960 2578 est,

278 2584 361 2666 quod
387 2524 457 2665 missi
487 2606 541 2663 pro
575 2585 625 2649 illo
653 2579 839 2663 spopondisti.
874 2582 960 2661 Quid

279 2664 395 2730 multa?
416 2662 528 2744 questus
548 2662 589 2730 est
612 2664 760 2743 graviter:
788 2661 836 2722 sua
856 2666 960 2732 merita

270 2748 544 2821 pommemotavit:
579 2743 649 2822 quid
677 2762 693 2802 e
715 2740 775 2801 isset
803 2742 960 2823 saepissime

280 2827 318 2886 de
344 2825 410 2886 affis
434 2822 553 2904 Cosanis
578 2843 644 2885 cum
666 2762 729 2901 ipso
755 2841 823 2881 meo
844 2822 959 2899 fratre,

279 2907 408 2988 quidque
429 2904 482 2965 sibi
498 2907 523 2968 is
540 2902 577 2961 de
596 2922 644 2962 me
661 2899 834 2980 recepisset,
852 2905 882 2962 in
897 2906 962 2985 inp-

279 2990 403 3049 moriam
423 2983 550 3065 redegi35
570 2979 679 3062 seque,
717 3000 761 3042 uae
781 2981 818 3041 de
835 3003 900 3043 mea
918 2984 960 3045 sa-

268 3063 339 3140 sute
363 3061 491 3170 egisses,
518 3060 667 3150 voluntate
692 3002 813 3129 defuis
838 3062 959 3156 egisse,
