2184 3975
288 471 339 549 '68
437 474 814 548 Erimon-Annas

286 586 421 664 labente,
441 592 661 672 deprecatorem
677 612 725 651 me
745 612 800 670 pro
821 586 896 651 illins
914 601 966 671 pea'

283 673 375 731 riculo
405 673 534 752 praebeo.
565 671 632 732 Erat
658 675 689 730 in
715 671 819 731 eadem
847 669 966 752 epistola

283 768 420 812 veternus
451 755 584 813 civitatis.
614 751 788 813 Gaudebam
818 749 906 825 sane,
933 752 964 811 &

282 830 445 913 congelalle
468 832 596 894 nostrum
609 835 740 892 amicum
762 830 967 892 leubaredo.

282 909 420 974 Extrema
461 915 554 995 agella
575 916 698 1036 gupugit
719 930 768 972 me
794 928 847 972 tuo
867 912 969 972 chiro-¹

304 993 404 1075 raph0.
420 935 504 1071 quid
526 996 587 1053 ais.
609 992 753 1054 Caesaretn
768 1013 846 1052 nunc
868 991 968 1053 defen-⁴.

282 1012 327 1134 dit
350 1073 463 1135 Curio?
484 1076 545 1154 quis
562 1073 620 1133 hoc
636 1090 750 1153 putaret
768 1076 873 1152 prlaeter
895 1073 964 1134 mei

282 1175 372 1228 nam,
388 1155 428 1215 ita
441 1157 562 1228 vivam,
576 1157 686 1235 putavi.
701 1152 754 1212 Dii
766 1154 964 1215 immortales!

283 1235 372 1315 quim
390 1257 447 1318 ego
464 1235 550 1296 risum
567 1234 694 1295 nostrum
714 1233 871 1294 desidero!
891 1233 969 1295 Mihi·

283 1333 345 1376 erat
370 1320 400 1375 in
420 1319 551 1388 animo,
582 1317 720 1396 quoniam
742 1311 964 1392 jurisdiffionem

283 1395 489 1469 confeceram,
509 1399 639 1457 civitates
659 1395 890 1474 locupletatam,
907 1418 970 1478 pu-.

282 1475 402 1537 blicanis
429 1478 517 1536 etiam
537 1475 695 1557 >superioris
722 1472 798 1535 lustri
824 1476 964 1557 reliqua,

283 1558 345 1616 aine
363 1557 505 1616 sociorum
522 1557 580 1616 ulla
594 1557 730 1637 querela,
746 1555 970 1632 conservatam,

283 1638 425 1718 privatis,
443 1636 582 1710 summis,
603 1635 707 1696 infimis
731 1635 843 1696 fueram
862 1635 965 1717 jucun-

284 1718 363 1793 dus,
385 1715 526 1799 proficisci
546 1721 576 1777 in
597 1716 730 1778 Ciliciam
750 1716 845 1777 Nonis
864 1719 964 1792 Maii;

282 1797 340 1872 ἃ,
361 1819 450 1879 quum
470 1801 564 1877 prima
580 1797 675 1859 aestiva
693 1795 866 1881 attigissem,
885 1802 964 1860 mili·

281 1895 432 1958 taremque
450 1899 513 1938 rem
536 1877 739 1952 collocassem,
766 1879 908 1941 decedere
927 1902 964 1941 ex

215 2019 218 2024 ,
281 1956 535 2019 senatusconsultu.
550 1957 648 2041 Cupio
665 1977 692 2020 te
708 1958 822 2020 aedilent
840 1962 964 2037 videre,

281 2042 413 2121 miroque
445 2038 590 2101 desiderio
615 2062 664 2101 me
693 2040 760 2100 urbs
789 2040 880 2104 afficit-¹
892 2087 903 2118 ‚
930 2042 968 2105 dt·

280 2140 384 2183 omnes
409 2122 490 2196 mei,
510 2137 599 2204 tuque
618 2124 650 2182 in
671 2120 780 2202 primis.
801 2120 891 2184 Vale.

321 2240 367 2303 M.
404 2241 444 2304 T.
477 2241 514 2305 C.
545 2241 633 2306 Ine.
663 2244 709 2305 M.
746 2215 926 2319 cmm

382 2339 878 2421 AE1>1t1cunur.1,S.D.¹
956 2392 958 2396 .

280 2464 321 2519 M·
344 2466 440 2517 Fabium
465 2471 610 2519 commendat
634 2470 785 2537 diligenter:
815 2472 843 2520 de
868 2470 966 2523 urbanis

316 2540 384 2590 rebus
402 2542 501 2620 litteras¹
514 2541 640 2611 cxspedlat.
663 2543 737 2593 Anno
758 2542 792 2593 U.
812 2547 839 2594 C.
859 2562 918 2611 7⁰3·

284 2707 331 2765 14.
344 2620 541 2770 Mnssco
567 2692 681 2767 Fabio,
703 2694 769 2754 viro
789 2695 903 2772 optimo
928 2696 966 2755 δι

278 2771 398 2832 homine
421 2773 609 2845 dostissimo,
629 2773 847 2834 familiarissime
870 2794 937 2835 utor
950 2810 979 2849 ,·

280 2852 457 2936 mirificdque
482 2874 551 2913 eum
577 2853 693 2935 diligo,
725 2876 817 2936 quum
837 2874 969 2936 propter.

281 2931 422 2993 summum
453 2937 602 3017 ingenium
630 2932 692 3013 ejus
719 2980 730 3008 ‚
760 2935 966 3017 summamque

281 3011 459 3091 doctinam,
478 3033 542 3079 tum
562 3033 682 3099 propter
699 3017 875 3100 singularem
889 3037 964 3098 moy)
