2184 3975
344 506 396 549 nr
417 489 725 552 Connrcrnne.
830 505 883 574 50¹

178 626 181 630 .
199 585 277 639 lavit.
296 586 354 651 Quo
367 591 397 639 de
409 590 514 655 negotio
523 605 623 656 agatur,
636 592 763 644 incertum.
781 593 887 648 Codices

198 661 263 728 regii
279 661 383 713 scribunt
395 662 541 731 Segoviauo.

237 747 288 796 433
303 767 311 791 ‚
327 751 371 795 25·
390 734 505 785 Exerciru
516 735 643 795 concordi,
661 736 684 785 ὁ
703 735 759 786 bene
771 738 799 787 de
817 755 888 806 repre·

198 804 264 855 blica
273 803 398 872 sentiente.
420 810 455 856 lta
468 807 595 858 Lambinus
614 810 757 859 auctoritare
775 824 886 861 veterum

200 879 322 928 codicum.
337 879 385 930 Pro
397 880 433 929 his
446 877 591 930 Gebhardus
607 882 688 930 maluit
702 883 841 949 vulgatum,
852 883 888 932 sis
972 921 974 925 »

198 965 240 1000 cur
252 950 441 1016 milrresfaciunr
451 985 459 1010 ,
471 954 535 1018 quod
547 952 700 1003 videturesse
711 956 824 1002 alienum.

236 1038 310 1086 434,
325 1039 347 1072 1.
361 1024 412 1073 Aut
427 1025 507 1073 timori
523 1025 638 1075 videbam.
657 1027 769 1076 Abundat
786 1018 832 1076 vox
847 1027 892 1077 'ul-

198 1095 273 1154 tima,
289 1114 361 1162 quum
373 1097 517 1161 praecefferic
535 1100 635 1147 verbum
650 1095 769 1164 stiriam,
785 1116 831 1149 nec
849 1113 888 1148 ta·

198 1185 257 1218 men
274 1170 391 1228 delenda,
403 1171 479 1234 inquit
491 1170 556 1220 Frid.
570 1170 725 1221 Gronovius.¹
739 1172 815 1221 Valet
824 1173 889 1222 enim

199 1253 310 1299 tantum,
321 1258 349 1290 ac
361 1244 381 1292 si
391 1243 514 1307 repetiffet
521 1240 624 1306 sciebam
636 1259 689 1290 cum
698 1245 773 1291 verbo
786 1245 888 1309 inquam.

200 1313 229 1363 ln
242 1315 342 1363 hiscum
360 1312 461 1364 Graevio
476 1314 611 1363 Manutium
623 1315 648 1364 δι
660 1315 799 1364 Lambinum
810 1315 889 1381 sequi·

199 1403 263 1435 mur.
278 1385 408 1436 Praeivcrar
418 1387 452 1435 H.
465 1387 612 1451 Stephanus.

239 1459 300 1508 lbid.
315 1460 356 1508 16.
368 1459 496 1508 Melioris.
512 1458 608 1508 viuum
619 1458 681 1507 enim
692 1459 832 1508 adolescens
842 1458 888 1509 sibi

200 1545 384 1596 comparaverat
396 1532 561 1598 comparandis
572 1532 660 1590 mulis,
674 1532 787 1598 farreque
801 1533 826 1580 in
839 1548 892 1582 cas·

167 1616 175 1626 ·
200 1615 239 1654 tra
250 1605 422 1655 convehendo.

239 1677 302 1726 lbid.
320 1692 363 1726 20.
376 1677 433 1726 Nisi
443 1694 489 1726 uno
503 1677 558 1726 loco
568 1693 604 1724 me
619 1692 728 1726 tenerem.
740 1673 844 1725 Rutilius
856 1677 891 1725 le·

201 1747 253 1817 git,
265 1749 312 1799 ni'si
322 1766 367 1798 uno
379 1750 596 1806 interimeremur,
609 1749 681 1798 castra
693 1749 772 1815 posita
783 1750 889 1798 habete·

201 1839 273 1881 mus,
288 1823 359 1890 idque
371 1824 457 1888 probat
468 1823 530 1872 Frid.
546 1821 698 1872 Gronovius.

238 1896 319 1959 436,
338 1908 381 1958 23.
404 1894 439 1944 Ur
454 1912 531 1944 errare
543 1896 597 1943 ie...
611 1894 714 1956 voluisti.
731 1892 767 1942 Ut
778 1893 802 1942 in
819 1909 848 1942 ea
862 1909 889 1943 re

202 1983 284 2018 errare
295 1967 404 2026 voluisti,
424 1984 495 2033 quum
508 1984 537 2017 ea
553 1969 583 2017 de
602 1967 695 2032 Lepido
710 1966 818 2033 sperasti,
835 1982 888 2032 quae

202 2058 261 2091 vcra
273 2041 319 2091 elle
337 2042 458 2105 cupiebas.
472 2042 508 2088 lta
521 2040 657 2088 Manutius.
668 2041 735 2097 Alii,
753 2054 779 2086 ur
789 2056 885 2096 errare,

202 2113 235 2162 mi
244 2112 344 2172 Plance,
357 2113 460 2175 voluisti.
471 2112 586 2179 Egnatius
599 2107 713 2179 legebat}
724 2110 801 2159 renim
811 2126 837 2159 ur
848 2121 889 2161 er·'

201 2202 259 2236 rans
273 2186 315 2245 id,
327 2184 418 2235 Plance
428 2218 435 2243 ,
447 2184 542 2247 voluisti
551 2205 565 2241 ,·
578 2185 619 2251 qui
633 2184 692 2234 enim
703 2184 729 2232 id
743 2198 766 2232 re
774 2181 887 2251 sugeret,

200 2272 245 2307 auc
263 2258 297 2307 ric
312 2258 388 2324 decipi
399 2258 444 2306 6ο.

238 2330 308 2395 438,
328 2343 354 2392 ⁴5.
370 2328 447 2401 Quum
464 2329 489 2378 in
499 2326 567 2395 Isara
576 2328 683 2396 flumine.
699 2330 761 2379 ltae
781 2327 888 2395 vestigiis

201 2403 255 2455 mff.
268 2401 404 2460 Corradus,
418 2403 490 2467 idque
508 2404 598 2466 placuit
611 2401 711 2451 Graevio
721 2434 732 2458 ,ι
745 2401 786 2465 qui
806 2414 887 2451 tamen

203 2493 291 2528 vocem
302 2475 407 2525 ultimam
422 2475 488 2524 delet
497 2484 617 2538 tamquam
632 2471 744 2538 glossema
754 2488 769 2520 e
781 2473 888 2540 margine

204 2551 261 2615 ipsis
274 2547 358 2599 Planci
374 2548 453 2597 verbis
469 2545 593 2596 insertum.
611 2545 694 2612 Vulgo
713 2562 779 2611 quum
796 2541 888 2610 Isaram

225 2640 299 2671 umen.

199 2624 224 2690 fl
243 2708 319 2758 439,
343 2706 368 2755 ς.
386 2690 517 2743 Duolur'
505 2708 554 2753 pam
572 2686 703 2755 consulibus
723 2687 890 2793 singularibus.¹

207 2768 319 2821 Graevius
332 2765 398 2816 relic
408 2766 475 2814 delet
486 2780 573 2814 vocem
584 2763 698 2813 ultimam.

244 2840 306 2890 lbid.
330 2839 374 2891 16.
398 2834 623 2903 Misericordiam..
635 2832 800 2901 ..defletorum
822 2831 889 2887 Vide

206 2912 362 2970 Gellium,
381 2910 544 2975 3&Seniin
558 2909 796 2972 Minervam3,11
887 2924 890 2928 ’

162 3045 168 3050 ,
243 3001 314 3051 442,
329 2998 355 3053 3.
371 2982 522 3039 Siunoloco
542 2980 618 3051 effen.
634 2982 661 3037 si
672 2982 759 3037 eodem
773 2979 830 3034 loco
848 2990 889 3029 ms
