2184 3975
293 505 364 580 ἈΒ
386 513 611 582 Fumant.
631 510 715 582 ω.
733 513 782 604 Χ,
808 529 890 606 425¹

205 642 256 686 eas
275 625 385 687 litteras
400 624 538 706 legendas
556 625 657 700 dedit,
673 647 741 708 quas
757 628 812 706 ipsi
832 629 889 687 mi·

205 705 305 779 serat,
324 704 358 767 &
379 723 448 779 eas,
469 725 540 785 quas
562 707 688 786 publici.
706 706 814 777 Placuit
830 729 890 783 uoq

203 785 250 847 his
263 829 278 860 ,
292 800 324 845 ut
344 781 437 861 statim
461 785 497 845 ad
520 783 684 847 Cornutum
697 828 712 858 s
732 804 890 866 praerorem

203 865 368 938 urbanum,
385 863 493 926 litteras
510 864 706 938 deferremus3
722 868 774 945 qui
780 910 793 937 ‚-
807 866 890 1003 Ῥυὸά

206 941 339 1007 consules
358 942 503 1018 aberant,
523 945 671 1006 consulare
691 966 793 1004 munus
821 943 888 1004 usti·

203 1024 294 1091 nebat
308 1044 397 1100 more,
413 1026 567 1104 majorum.
590 1025 712 1086 Senatus
732 1024 773 1085 est
793 1028 889 1085 conti·

201 1107 265 1166 uui>
290 1122 500 1178 convocatus,
527 1104 722 1186 ftequensque
747 1107 891 1167 convenit

203 1201 326 1266 propter
360 1183 502 1259 famam,
527 1204 612 1265 atque
643 1183 889 1265 exspettationem

203 1278 319 1326 tuarum
328 1263 493 1338 litterarum.
505 1262 644 1342 Recitatis
656 1266 776 1337 litteris,
790 1265 889 1327 oblata

204 1345 306 1427 religio
331 1340 467 1405 Cornuto
488 1343 551 1418 est,
577 1345 761 1424 pullariorum
781 1343 886 1405 admo·

203 1427 297 1498 nitu,
321 1446 383 1485 uon
405 1423 469 1485 satis
495 1425 649 1507 diligenter
668 1445 736 1485 eum
755 1421 890 1502 auspiciis

204 1525 328 1586 operam
348 1502 476 1577 dedisse3
496 1504 584 1585 idque
606 1528 623 1565 a
642 1502 739 1565 nostro
759 1502 889 1585 collegio

204 1584 427 1666 comprobatum
446 1581 495 1645 est.
511 1584 612 1665 Itaque
631 1605 678 1645 res
692 1585 780 1644 dilata
797 1581 888 1644 estin

203 1663 362 1747 poiiemm.
379 1663 425 1727 Eo
443 1681 538 1725 autern
556 1667 604 1726 die
623 1684 728 1745 magna
744 1664 815 1722 mihi
831 1683 887 1741 pro

203 1764 256 1807 tua
282 1745 420 1828 dignitate
449 1748 603 1806 contentio
633 1765 700 1806 cum
730 1741 889 1816 Servili03

203 1829 255 1907 qui
276 1845 365 1909 quum
392 1825 482 1907 gratii
501 1820 663 1898 effeciffm
690 1840 722 1884 nt
745 1822 793 1884 sua
819 1822 887 1884 sen-

204 1908 395 1988 tentiapritna
406 1906 659 1987 pronuntiaretur,
669 1904 803 1984 fiequens
816 1924 888 1965 eum

203 1986 318 2051 senatus
339 1988 477 2067 reliquit,
494 1987 526 2047 &
546 1990 576 2047 in
593 1988 647 2047 alia
666 1989 764 2046 omnia
778 1982 887 2045 disces·

204 2071 263 2142 sit;
273 2073 404 2149 meaeque
420 2066 588 2140 sententiae,
602 2088 666 2147 quae
683 2066 809 2127 secunda
818 2086 888 2144 pro·¹

205 2149 335 2210 tundata
358 2167 441 2222 erat,
466 2168 557 2228 quum
577 2147 713 2226 frequens
736 2143 886 2205 assentire-

205 2245 253 2290 tur
272 2227 407 2303 senatus,
424 2244 528 2310 rogatu
544 2226 659 2288 Servilii
677 2225 709 2287 P.
727 2223 822 2285 Titius
840 2226 886 2283 in·

172 2312 176 2320 '
205 2310 346 2384 tercessit.
368 2305 429 2368 Res
453 2310 483 2367 in
507 2307 653 2388 posterum
668 2306 770 2384 dilata.
795 2304 889 2366 Venit

205 2407 320 2478 paratus
339 2386 474 2450 Servilius
482 2432 496 2471 ,
512 2388 581 2449 Jovi
601 2389 656 2467 ipsi
682 2390 814 2466 iniquus,
832 2405 888 2445 cu·

205 2490 252 2549 tus
267 2472 298 2530 in
317 2469 429 2549 templo
446 2487 491 2529 res
509 2468 656 2549 agebatur.
678 2466 769 2525 Hunc·
782 2485 886 2545 quem-

206 2548 366 2611 admodum
386 2548 549 2631 fregerim,
593 2547 736 2626 tantique
761 2562 884 2628 conten·

206 2632 287 2691 tione
318 2628 428 2689 Titium
458 2569 670 2688 intercesiorem
701 2621 886 2702 abjecerim,

207 2730 243 2771 ex
271 2710 394 2770 aliorum
418 2727 448 2770 te
472 2710 572 2769 litteris
597 2708 675 2767 malo
703 2704 887 2785 cognoscere.

207 2789 310 2850 Unum
338 2790 394 2850 hoc
424 2810 460 2850 ex
487 2791 583 2849 meis:
606 2787 717 2848 senatus
744 2786 888 2864 gravior,

208 2868 408 2943 constantior,
435 2871 556 2929 amicior
581 2872 641 2929 tuis
663 2865 798 2926 budibus
826 2859 892 2921 ess'e

208 2970 271 3010 nort
299 2952 416 3029 potuit,
440 2949 528 3028 quim
553 2965 615 3007 tum
638 2945 699 3005 fuit.
727 2943 790 3002 Nec
812 2941 888 3000 vero

207 3030 262 3093 tibi
278 3027 389 3091 senatus
411 3031 530 3090 amicior
544 3049 564 3103 ,’
582 3027 670 3109 quim
692 3022 792 3086 cuniia
811 3023 889 3084 ciri-
