2184 3975
275 523 354 606 '5²72
385 506 817 579 “Errsrozruv‘m-
845 520 878 574 ·,

277 627 348 687 dum
361 623 438 697 suit,
461 638 509 683 aut
528 623 558 681 in
573 621 680 700 aliquas
695 621 815 683 insidias
829 621 960 684 incidere}

274 707 370 781 dum,
397 723 445 763 aut
471 701 685 771 deveniendum
702 704 731 761 in
752 700 873 764 vidonis
894 725 961 763 ma-

276 806 352 858 nus,
377 802 425 844 aut
443 783 481 842 ad
497 782 600 842 Jubam
624 781 885 862 confugiendum,
912 800 961 844 aut

277 865 436 946 capiendus
466 881 615 943 tamquam
638 863 739 922 exsilio
761 863 879 938 locus,
914 881 961 944 aut

278 942 480 1009 consciscenda
496 963 576 1001 mors
593 943 762 1002 voluntaria.
783 941 876 1004 Certe
891 943 960 1005 nihil

277 1024 333 1088 fuit
356 1043 515 1105 praeterea,
545 1024 569 1080 si
590 1040 621 1083 te
641 1022 742 1083 viclori
760 1023 858 1083 nolles
880 1067 890 1097 ,
913 1041 961 1083 aut

278 1124 340 1165 non
356 1104 475 1164 auderes
495 1107 687 1163 committere.
701 1101 744 1161 Ex
759 1102 898 1163 omnibns
912 1124 962 1163 au·

277 1201 338 1244 tem
362 1187 422 1256 iis,
448 1203 512 1262 quae
534 1182 622 1256 dixi,
646 1182 865 1256 incommodis,
890 1183 961 1242 nihil

276 1265 454 1328 tolerabilius
471 1264 598 1336 exsilio,
616 1262 771 1342 prasertim
791 1264 962 1338 innocenti,

279 1345 332 1405 uhi
360 1344 436 1405 nulla
462 1341 595 1422 adjuncla
624 1341 664 1404 est
689 1343 859 1422 turpitudo:
883 1343 961 1403 addo

273 1426 390 1501 etiam,
412 1444 500 1504 quum
521 1423 557 1484 ei
572 1423 643 1484 urbe
659 1443 777 1497 careas,
793 1426 823 1483 in
843 1444 903 1503 qua
915 1426 963 1483 ni-

275 1503 322 1582 ¹lril
340 1507 405 1578 sit,
430 1504 509 1585 quod
533 1504 634 1564 videre
655 1507 748 1583 possis
765 1505 829 1564 sine
848 1505 962 1566 dolore.

280 1580 347 1644 Eo
369 1604 435 1644 cum
455 1585 527 1646 meis
550 1584 607 1664 (si
630 1585 786 1664 quidquam
810 1604 889 1644 nunc
905 1605 962 1645 cu·

278 1605 409 1744 {usquam
429 1664 501 1746 est)
528 1666 615 1724 etiam
636 1668 666 1722 in
690 1665 762 1724 meis
786 1663 846 1726 else
865 1666 963 1726 malui.

282 1743 363 1821 Quae
377 1744 561 1816 acciderunt,
576 1746 674 1803 omnia
686 1745 745 1803 dixi
760 1743 866 1806 futura.
883 1745 963 1806 Veni

274 1824 425 1901 domum,
446 1845 507 1884 non
529 1823 588 1903 qui>
610 1826 721 1903 optima
741 1825 863 1885 vivendi
886 1847 963 1885 con-

274 1903 354 1988 ¹ditio
385 1903 455 1964 eslet
476 1924 482 1961 :
509 1903 560 1962 sed
584 1921 681 1965 tamen
700 1947 710 1976 ,
730 1907 754 1963 si
773 1905 845 1965 esset
866 1908 963 1987 aliqua

274 1981 375 2045 forma
394 1982 581 2063 reipublicae,
603 2002 750 2065 tamquam
768 1988 799 2045 in
818 1989 911 2066 patria
931 2003 964 2047 ut

281 2063 369 2125 essem
393 2083 403 2137 3
431 2066 454 2123 si
483 2064 590 2138 nulla,
623 2060 770 2145 tamquam
792 2069 821 2125 in
847 2066 962 2127 exsilio.

280 2144 412 2204 Mortem
442 2144 512 2201 mihi
544 2164 595 2203 cur
620 2144 854 2219 consciscerem,
880 2146 964 2207 causa

281 2224 360 2283 nulla
373 2222 432 2286 visa
446 2220 504 2295 est;
521 2244 570 2282 cur
584 2239 732 2303 optarem,
749 2229 847 2286 multae
862 2226 965 2289 causae.

279 2300 375 2363 Vetus
395 2301 436 2363 est
456 2304 556 2376 enim,
579 2307 636 2363 Ubi
655 2328 710 2365 non
729 2306 768 2364 sis
788 2310 834 2384 qui
844 2306 963 2383 fueris,

280 2405 336 2443 non
353 2382 402 2461 effe
424 2404 474 2442 cur
490 2385 562 2444 velis
580 2386 681 2443 vivere.
702 2383 760 2443 Sed
781 2402 882 2445 tamen
904 2407 963 2445 va-

281 2482 346 2523 care
365 2459 450 2543 culpi
465 2482 604 2544 magnum
621 2461 661 2525 est
677 2464 828 2537 solatium,
848 2466 964 2544 praeser-

280 2545 333 2603 tim
355 2564 445 2623 quum
463 2544 585 2604 habeam
607 2543 676 2602 duas
697 2563 763 2616 res,
793 2545 896 2683 quibus
914 2564 962 2606 me

280 2621 454 2696 sustentem,
477 2627 652 2704 optimarum
673 2626 776 2684 artium
807 2627 962 2700 cientium,

282 2704 314 2764 &
339 2707 539 2784 maximarum·
553 2723 648 2764 rerum
673 2703 818 2784 gloriam,
840 2726 962 2785 quarum

283 2785 372 2845 altera
392 2785 463 2843 mihi
477 2785 548 2843 vivo
568 2802 725 2861 numquam
747 2787 904 2864 eripietur,
920 2786 962 2845 al·

282 2882 344 2924 tera
358 2885 395 2925 ne
407 2880 522 2922 mortuo
540 2861 667 2942 quidem.
689 2863 762 2921 Haec
775 2866 813 2924 ad
823 2884 853 2925 te
866 2866 963 2947 scripsi

280 2944 449 3016 verbosius,
467 2943 499 3003 &
512 2943 564 3003 tibi
585 2940 718 3003 molestus
733 2944 792 3017 sui,
810 2947 894 3026 qubd
913 2964 963 3020 te,

280 3046 373 3108 quum
384 3025 460 3104 mei,
471 3042 534 3088 tum
547 3023 711 3106 reipublicae
726 3028 857 3107 cognovi
868 3048 964 3101 amam
