2184 3975
271 481 347 537 220
422 462 793 530 Ertsrotnannt

268 576 369 636 debes.
386 573 483 655 Atque
503 576 565 635 haec
585 575 656 634 mihi
682 572 818 636 scribenti
842 577 952 635 venie*

269 655 319 715 bat
342 659 371 715 in
392 675 543 727 mentem,
569 675 616 714 me
636 674 704 714 eum
723 654 800 729 effe,
823 653 905 732 cujus
921 673 950 714 tu

270 735 502 814 desperationem
510 734 638 801 accusare
646 734 743 794 solitus
753 734 952 815 effes,quem·

293 836 329 876 ue
352 815 517 876 audoritate
535 815 585 875 tui
611 813 792 875 enodantem
820 815 854 873 δι
874 812 952 873 diffi-

271 837 392 956 dentem
419 900 554 957 excitate.
572 893 646 971 Quo
673 895 792 974 quidem
818 911 951 972 tempore

273 996 335 1035 non
353 996 409 1055 ego
431 976 540 1036 causam
566 973 710 1046 nostram,
731 972 781 1034 sed
802 975 954 1033 consilium

274 1053 483 1135 improbabam.
502 1055 575 1114 Serb
593 1056 672 1113 enim
681 1074 736 1112 nos
752 1057 787 1113 iis
803 1057 891 1113 armis
904 1053 956 1113 ad-·

273 1133 378 1196 versari
394 1134 551 1203 videbam,
574 1153 644 1212 quae.
655 1135 746 1193 multo
767 1136 835 1193 ante
853 1133 955 1194 confir·

274 1229 352 1275 mata
372 1232 423 1291 per
450 1212 641 1291 nosmetipsos
664 1232 773 1284 erant;
797 1213 956 1274 dolebam·

277 1312 354 1373 que,
373 1292 485 1371 pilis&
522 1291 625 1365 radiis,
649 1314 709 1352 non
732 1295 886 1367 consiliis,
906 1314 957 1354 ne·

298 1393 334 1432 ue
353 1314 563 1433 audomariinrs
582 1370 682 1433 nostris
701 1374 737 1434 de
757 1371 821 1452 jure
841 1373 957 1453 publico

277 1393 438 1533 disceptari.
454 1453 558 1534 Neque
570 1472 627 1533 ego
639 1472 692 1524 ea,
709 1455 773 1533 quae
792 1452 866 1513 satta
877 1452 959 1528 sunt,-

280 1532 344 1594 fore
366 1555 453 1612 quum
481 1533 639 1605 dicebam,
661 1533 826 1597 divinabam
843 1533 958 1595 futura:

281 1611 331 1674 se'd
351 1614 430 1694 quod
444 1613 474 1672 ὅ(
486 1611 549 1674 fieri
561 1610 657 1691 poffe,
672 1613 702 1670 &
713 1613 867 1673 exitiosum
878 1613 959 1688 fore,

282 1691 482 1766 devenisset,
497 1694 658 1763 videbam,
683 1693 714 1751 id
737 1714 774 1754 ne
797 1694 959 1766 accideret,

283 1773 440 1846 timebam
456 1773 610 1853 praesertim
626 1792 736 1851 quum,
754 1776 778 1833 si
793 1774 864 1833 mihi
879 1775 961 1836 alter·

283 1871 379 1919 utrum
396 1855 432 1912 de
450 1870 558 1913 eventu
576 1871 660 1932 atque
679 1856 758 1914 exitu
777 1873 874 1914 rerum
898 1877 962 1936 pro-

264 1987 267 1993 ,
285 1934 457 1994 mittendum
474 1932 562 2006 esset,
577 1933 608 1993 id
625 1931 767 2007 futurum,
787 1935 869 2016 quod
891 1954 962 1997 eve-

286 2016 329 2074 nit
350 2058 359 2085 ,
380 2014 553 2094 exploratibs
584 2012 695 2094 poffem
719 2018 902 2096 promittere.
927 2015 963 2076 Iis

288 2096 366 2155 enim
385 2097 468 2153 rebus
486 2092 707 2172 praestabamus,
726 2116 789 2176 quae
809 2117 870 2155 non
892 2117 962 2177 pro-

289 2174 380 2237 deunt
398 2176 429 2233 in
445 2175 542 2233 aciem
559 2196 569 2246 ;
586 2174 635 2234 usu
652 2192 748 2235 autem
769 2197 917 2237 armorum
936 2176 964 2235 δι

280 2252 411 2318 ¹militum
432 2254 537 2313 robore
553 2253 702 2316 inferiores
722 2274 845 2316 eramus.
863 2256 922 2317 Sed
935 2273 963 2315 tu

290 2332 372 2396 illum
393 2334 520 2394 animum
536 2355 611 2393 nunc
628 2335 754 2406 adhibe,
772 2336 889 2415 quaeso,
909 2358 964 2417 quo

293 2434 341 2474 me
358 2432 419 2473 tum
437 2411 492 2473 effe
509 2433 645 2493 oportere
666 2414 810 2475 censebas.
833 2416 907 2476 Haec
931 2418 965 2477 eb

292 2493 408 2572 scripsi,
427 2494 507 2574 qubd
520 2495 590 2554 mihi
600 2494 782 2576 Philargyrus
792 2513 857 2555 tuus
873 2500 966 2557 omnia

293 2573 331 2632 de
349 2591 377 2633 te
398 2593 427 2632 re
450 2576 576 2647 uirenti,
593 2572 761 2635 fidelissimo
782 2579 880 2636 animo
909 2575 967 2654 (ut

294 2650 377 2720 mihi.
401 2596 497 2711 uidem
515 2653 589 2713 visus
600 2652 662 2734 est)
674 2659 817 2730 narravit,
836 2673 867 2717 te
882 2658 967 2715 inter·

296 2732 366 2791 dum
381 2673 536 2801 iollicitum
557 2732 648 2792 solere
667 2733 723 2793 esse
744 2738 968 2800 vehementibs·:

297 2813 377 2892 quod
399 2810 576 2872 facerenon
594 2812 683 2872 debes
702 2858 712 2885 ,
735 2836 790 2875 nec
815 2817 968 2888 dubitare,

297 2895 367 2972 quin
382 2908 431 2954 aut
452 2889 546 2971 aliqui
565 2892 711 2971 republicd
727 2897 764 2952 sis
781 2894 909 2969 futurus,
924 2897 968 2975 qui

297 2972 354 3042 effe
366 2973 453 3036 debes
461 2992 472 3048 3
481 2989 528 3034 aut
541 2971 652 3053 perditi
669 2994 729 3035 non
742 2974 889 3040 affliiiiore
902 2995 969 3051 conf
