2184 3975
337 356 357 389 Ι

183 518 186 528 ,
263 437 796 530 ‚84-2uErrsrozAnutr

269 549 466 635 cognoscere,
482 570 581 614 tamen
600 555 735 621 uidentur
748 556 837 616 etiam
852 553 957 637 aliquae

271 638 348 705 mere
358 648 474 714 ,patrea
487 633 535 700 Sic
550 632 614 709 est,
631 635 686 698 tibi
698 635 857 717 persuade,
871 640 958 696 caris·

270 716 377 775 simum
399 730 428 774 te
449 715 519 774 mihi
536 712 615 789 elle,
636 739 724 800 quum
742 735 863 797 propter
883 717 959 776 mul·

269 810 313 855 tas
332 794 485 855 suavitates
506 797 637 877 ingenii,
660 795 769 869 officii,
793 797 956 857 humanita-
985 846 989 853 .

270 878 308 935 tis
328 892 407 949 tuae,
428 890 490 936 tum
510 876 590 956 quod
607 896 643 935 ex
660 880 716 936 tuis
734 877 836 937 litteris
860 876 894 935 δι
919 897 956 938 ex

271 957 430 1017 multorum
458 955 636 1016 sermonibus
663 956 829 1038 intelligo,
858 960 961 1017 omnia

284 1052 286 1058 ·
314 1060 337 1096 ae
358 1058 374 1096 a
392 1055 440 1095 me
457 1034 589 1116 profetia
608 1035 671 1096 sunt
691 1041 721 1096 in
739 1056 791 1108 te,
806 1038 860 1098 tibi
876 1040 958 1097 acci-

271 1058 341 1178 lllse
358 1118 529 1199 gratissimas
544 1115 640 1196 Quod
653 1139 742 1198 quum
758 1120 798 1177 ita
817 1120 875 1190 sit,
892 1138 960 1198 per·

272 1197 376 1260 ficiam
399 1194 550 1277 paimolo,
575 1215 606 1257 ut
626 1199 705 1279 longi
727 1199 867 1278 temporis
886 1197 959 1258 usu-

271 1300 335 1351 ¹cam
355 1322 366 1353 ,
386 1277 457 1359 qua
482 1281 655 1354 caruimus,
677 1277 836 1339 intermissi
860 1277 957 1339 nostra

274 1357 482 1420 confitetudine
505 1359 536 1417 &
554 1359 664 1440 gratia,
690 1359 722 1418 δι
743 1358 958 1430 celebritate&

273 1439 473 1522 magnitudine
495 1437 658 1499 officiorum
673 1460 810 1501 meorum
823 1438 960 1500 sarciam:

273 1521 362 1602 idque
388 1540 436 1580 me
469 1523 647 1601 (quoniam
662 1537 694 1580 tu
717 1523 757 1579 ita
781 1519 858 1600 vis)
884 1539 963 1600 puto

274 1622 335 1660 non
352 1599 445 1660 invita
463 1599 601 1661 Minerva
617 1599 673 1660 elle
693 1599 850 1659 fallarum:
891 1621 962 1660 uam-

261 1681 397 1763 -qm'derrt
412 1701 490 1763 ego,
510 1683 537 1741 si
554 1681 629 1740 forre
650 1681 689 1740 de
707 1682 763 1741 tuis
784 1622 959 1761 sumpllero,

275 1761 448 1823 nonsolum
467 1759 612 1834 Pallada,
642 1759 691 1820 sed
713 1764 802 1822 etiam
823 1761 962 1842 Appiada

274 1844 446 1903 nominabo.
474 1840 586 1915 Cilix,
617 1841 734 1902 libertus
759 1860 848 1913 tuus,
874 1859 965 1903 antea

268 1924 348 2004 milri
360 1924 453 1980 minus
469 1919 528 1979 fuit·
538 1939 645 1980 notus:
662 1921 711 1982 sed
726 1939 759 1983 ut
774 1921 844 1982 mihi
860 1923 961 1984 reddi·

261 2001 318 2063 ¹dit
345 2019 412 2063 ate
437 2002 544 2061 litteras
571 2002 672 2082 plenas
700 2004 732 2063 ὅ(
762 2006 869 2063 amoris
891 2006 961 2078 ‚·&

275 2082 390 2156 officii,
409 2080 530 2143 mirifice
550 2082 612 2163 ipse
632 2080 682 2142 suo
704 2082 835 2145 sermone
858 2083 960 2145 subse·

275 2182 357 2225 cutus
376 2161 416 2223 est
432 2163 640 2224 humanitatem
658 2164 816 2225 litterarum
836 2183 962 2228 tuarum.

259 2244 497 2319 ,tutanda-mihi
521 2243 587 2324 eius
608 2248 701 2305 oratio
721 2244 794 2318 fuit,
817 2247 966 2327 quumde

274 2330 373 2392 animo
397 2343 470 2398 tuo,
490 2346 579 2406 quum
603 2327 645 2387 de·
660 2324 858 2401 sermonibus,
883 2350 959 2408 quos

275 2406 318 2470 de
335 2425 389 2478 me·
405 2406 524 2477 haberes
548 2407 706 2489 quotidie,
729 2407 806 2466 mihi
823 2426 962 2470 narraret.

181 2546 184 2552 ,
259 2531 269 2562 ι,
276 2488 362 2569 Quid
384 2488 506 2570 quaeris?
524 2489 619 2548 biduo
632 2486 720 2548 sallus
737 2486 778 2547 est
794 2487 865 2547 mihi
880 2489 964 2550 fami·

263 2570 353 2662 kliaris
373 2590 380 2628 ε
406 2574 448 2628 ita
465 2587 565 2630 tamen
584 2588 616 2630 ut
638 2568 774 2628 Phaniam
793 2568 879 2628 valde
901 2572 959 2629 sirn

256 2651 514 2724 ,desideraturum
540 2670 628 2731 quem
653 2670 743 2729 quum
763 2647 890 2708 Romam
908 2670 960 2711 re-

270 2738 399 2803 mittes,
423 2730 505 2810 quod
523 2727 536 2808 (
558 2747 588 2790 ut
608 2730 776 2808 putabamus
788 2730 806 2806 ·)
817 2790 819 2793 ,
830 2731 962 2792 celeriter

277 2836 340 2888 cras
356 2811 500 2883 sanutus,
518 2811 651 2868 omnibus
666 2811 693 2869 ei
710 2808 747 2869 de
766 2809 871 2884 reboo,
890 2833 960 2891 quas

277 2900 344 2977 agi,
366 2915 435 2975 quas
461 2893 550 2949 curari
573 2912 589 2949 a
616 2909 664 2949 me
687 2890 770 2951 voles
788 2936 803 2964 ‚a
826 2891 960 2952 mandata

279 2976 340 3048 des⁴
359 2977 459 3041 velim.
488 2970 522 3033 L.
551 2969 704 3041 Valetium
730 2968 966 3057 jurisconsultum.

375 3071 439 3128 tl
