2184 3975
343 448 415 521 An
429 451 690 520 Firmumne
703 455 788 521 Lm.
803 446 851 521 II.
882 467 906 545 5
910 458 935 548 3'

261 560 291 639 tls
308 569 372 628 mei
391 565 582 640 familiarem,
601 587 668 626 cum
685 567 729 626 his
752 568 789 628 ad
809 587 838 630 te
855 569 934 630 litta-

256 648 284 721 ¹is
303 649 383 708 misi.
404 644 463 706 Sed
479 664 578 709 tamen
595 646 685 728 quum
701 651 934 730 appropinquare

251 744 310 790 tuus
340 730 486 790 adventus
510 745 682 809 putaretur,
708 728 741 788 dt
760 747 789 790 te
813 727 872 808 jam
894 750 932 790 ex

246 806 319 871 Asia
336 807 468 870 Romam
484 809 588 871 verslls
611 806 773 888 profedlum
791 808 846 871 effe
863 831 934 871 con·

245 884 354 963 staret,
367 889 540 971 magnitudo
554 891 601 954 ¹rei
611 888 710 963 fecit,
726 907 759 949 ut
775 911 836 949 non
851 911 934 953 vere·

246 989 364 1044 remur,
383 990 424 1031 ne
440 972 526 1031 nimis
545 970 604 1031 citi>
621 971 822 1046 mitteremus,
843 991 934 1052 quum

246 1049 297 1111 has
316 1050 409 1132 quim
431 1051 558 1132 primum
577 1050 613 1109 ad
633 1068 662 1111 te
682 1049 801 1130 perferri
821 1052 933 1112 litteras

246 1150 429 1215 magnopere
443 1130 601 1193 vellemus.
621 1128 705 1210 Ego,
729 1135 753 1191 si
769 1152 836 1193 mea
850 1135 880 1192 in
901 1149 933 1194 te

246 1209 336 1275 effent
350 1209 450 1273 officia
462 1209 577 1284 solum„
592 1208 701 1284 Curio,
718 1228 814 1287 tanta,
826 1233 933 1295 quanta

246 1296 337 1376 magis
357 1315 376 1354 a
399 1294 459 1354 tei
480 1290 511 1355 so
533 1291 709 1372 praedicari,
740 1293 828 1374 quim
845 1316 863 1355 a
881 1314 933 1356 me

246 1374 406 1455 ponderari
425 1314 542 1445 soliar,
569 1373 762 1439 verecundius
786 1393 882 1449 ate,
907 1377 933 1436 si

247 1475 302 1536 qua
323 1475 433 1536 magna
452 1473 498 1514 res
517 1452 591 1513 mihi
609 1453 745 1533 petenda¹
757 1452 846 1528 ellet,
862 1475 933 1516 con·

247 1536 432 1597 tenderem:
461 1548 550 1617 grave
574 1531 615 1594 est
631 1535 714 1599 enim
738 1533 850 1597 homini
873 1556 935 1617 pu-.

226 1626 229 1633 '
247 1616 348 1690 denti,
367 1630 470 1697 petere
485 1614 593 1694 aliquid
611 1635 749 1696 magnum
767 1614 806 1677 ab
822 1635 880 1691 eo,
893 1617 937 1678 de.

248 1718 303 1779 quo
336 1696 370 1757 se
399 1696 490 1761 bene,
504 1697 639 1755 meritum
663 1713 777 1775 putet,
806 1715 843 1757 ne
870 1695 932 1771 id,

193 1840 196 1861 Ι
249 1776 328 1860 quod
355 1792 466 1858 petat,
491 1778 608 1855 exigere
632 1777 745 1876 magis,
768 1773 855 1875 quim
881 1797 932 1838 ro·

194 1906 197 1911 .
265 1878 341 1932 are,
363 1857 399 1923 &
413 1859 442 1917 in
459 1855 602 1917 mercedis
619 1856 717 1935 potius
737 1875 824 1936 quam
839 1856 933 1920 bene·

195 1968 198 1975 ·
249 1879 305 2001 lcii
338 1936 408 1999 loco
433 1954 585 1999 numerare
609 1930 752 1999 videatur.
778 1936 838 1999 Sed
860 1942 930 2020 quia

197 2035 203 2090 ἶ
250 2033 295 2083 tue
320 2022 353 2082 in
374 2038 424 2082 me
445 2019 496 2083 vel
521 2036 591 2081 nota
615 2018 770 2090 omnibus,
794 2018 844 2080 vel
867 2021 932 2103 ipsi

250 2102 380 2176 navitate
391 2118 531 2172 ‚meorum
545 2116 711 2179 temporum
727 2099 881 2163 clarissima
896 2102 932 2166 &

251 2184 374 2244 maxima
394 2177 538 2250 beneficia
554 2179 738 2254 exstiterunt3
756 2177 853 2263 estque
868 2184 933 2244 ani·

202 2313 205 2318 .
251 2267 285 2325 ni
305 2263 454 2344 ingenui,
473 2264 518 2323 cui
537 2262 660 2323 multum
682 2261 813 2336 debeas,
833 2264 933 2326 eidem

203 2343 206 2350 '
252 2345 406 2425 plurimum
428 2342 507 2404 velle
529 2342 657 2418 debere;
675 2364 735 2403 non
755 2341 882 2409 dubitavi
900 2345 933 2407 id

172 2428 177 2449 '
253 2442 312 2487 ate
336 2445 393 2506 per
412 2422 521 2486 litteras
540 2441 658 2505 petere,
677 2422 758 2505 quod
778 2424 848 2485 mihi
864 2446 932 2487 om·

172 2501 177 2521 '
253 2508 327 2568 nium
353 2503 425 2566 ellet
450 2507 635 2580 maximum,
663 2502 847 2585 maximeque
872 2527 932 2570 ne-

172 2646 180 2667 ,
253 2585 407 2648 cellarium.
432 2585 536 2668 Neque
560 2588 639 2647 enim
659 2585 721 2647 sum
740 2586 870 2661 veritus,
892 2608 932 2651 ne

172 2682 185 2736 '.
254 2666 383 2729 itstinere
414 2682 464 2728 tua
493 2670 525 2727 in
554 2688 603 2728 me
632 2667 682 2729 vel
711 2667 931 2729 innumerabilia

254 2746 394 2810 beneficia
417 2770 479 2816 non
499 2746 638 2830 pollem3
664 2768 754 2829 quum
774 2748 932 2827 prasertim

209 2827 213 2882 l
255 2827 454 2904 confiderem,
468 2830 578 2899 ‚nullam
594 2826 650 2890 elle
666 2829 786 2912 gratiam
801 2845 934 2902 tantam,

172 2960 186 2984 2.
257 2930 337 2990 quem
364 2909 500 2983 nonvel
522 2931 625 2993 capere
655 2913 764 2971 animus
792 2928 874 2969 meus
899 2908 937 2975 in,

175 3037 187 3078 ς
258 2991 443 3075 ecdpiende„
459 2991 507 3080 yel
523 2993 560 3068 iu¹
574 2989 808 3063 remunerando,
823 3008 935 3062 cumuff

744 3063 816 3149 ciij
885 3071 890 3080 '
