2184 3975
298 459 367 530 Ao
381 460 604 530 Faustini.
620 456 771 530 ΠΜ.
801 458 880 551 461·

203 575 320 649 ltabut't,
338 578 388 635 boc
408 577 441 655 esl
449 617 461 646 ,
484 575 651 634 renuntiavit
666 595 738 653 quos·
753 577 779 634 ei
795 576 883 648 uisum

204 681 217 715 e
249 680 258 716 .·
274 657 380 734 exsules
396 656 524 726 reduxit,
542 677 596 713 non
610 655 702 712 borum
715 675 883 735 temporum,

197 660 252 817 βά
275 736 414 806 illorum,
443 735 540 812 quibus
569 756 587 791 a
611 734 752 812 seditiosis
768 737 884 813 senatus

201 819 357 882 trucidatus
376 859 387 886 ‚
417 833 465 873 aut
489 813 619 893 expulsus
638 817 673 893 esi
686 857 699 884 ,
721 819 790 874 Sext
808 821 884 877 Varo

200 895 372 978 proconsul.
393 894 453 953 Illa
470 895 533 962 verb
545 891 608 972 jan
629 917 662 952 ne
688 894 799 972 c'asans
814 897 884 972 qui·

204 979 263 1036 dem
287 976 438 1054 exempl03
465 974 540 1053 qubd
563 974 637 1032 ludis
660 975 825 1033 Pratextam
850 977 885 1034 de

199 1056 252 1136 fito
281 1056 374 1114 itinere
398 1056 437 1112 ad
465 1059 500 1113 L.
527 1055 672 1114 Lentulum
700 1055 886 1134 proconsulem

200 1134 408 1214 sullicitandum
433 1133 535 1213 pofitit.
569 1135 611 1191 Et
636 1136 773 1213 quidem,
802 1155 885 1211 quum

206 1234 327 1296 ageretur
347 1259 358 1286 ,
382 1215 488 1294 fleuit,
509 1214 638 1272 memorid
655 1235 740 1272 rerum
755 1217 886 1294 geslnrunt

207 1314 362 1354 commotus.
402 1294 612 1353 Gladiatoribus
641 1310 731 1351 autern
763 1297 886 1353 Fadium

207 1378 371 1454 quemdam,
396 1373 505 1431 militem
530 1373 758 1449 Pompeianum,
786 1375 852 1450 quia
872 1414 885 1445 ,

199 1476 289 1534 ¹quum
311 1450 444 1534 depreffus
463 1453 493 1511 in
513 1451 609 1515 ludum
630 1451 671 1508 bis
690 1453 778 1531 gratis
799 1454 886 1531 depu-

202 1533 308 1616 gnasset
318 1578 329 1605 ,
352 1533 485 1592 aullonari
500 1530 558 1610 sese
581 1531 717 1610 nolebat,
742 1527 826 1590 &ad
835 1553 890 1610 po·

205 1617 302 1696 pulum
321 1613 503 1706 confitgerat;
528 1611 643 1690 primitm
662 1611 764 1670 Gallos
786 1613 888 1690 equites
919 1651 922 1658 ›
1001 1686 1004 1693 Ι

198 1696 320 1773 immisit
344 1716 373 1752 tn
392 1692 523 1773 populum
549 1688 691 1771 (conscili
712 1692 782 1749 enim
804 1693 886 1770 lapi-

203 1776 257 1834 'a'es
277 1775 344 1854 stent
366 1776 396 1833 in
421 1793 479 1830 eum
497 1816 507 1841 ,
523 1783 617 1849 'quum
640 1772 806 1851 abriperetur
826 1772 888 1830 Fa'-

209 1857 274 1915 dius
293 1851 308 1934 )
329 1855 424 1912 deinde
443 1853 596 1930 abslrailttm
622 1850 726 1931 defhdt't
750 1853 779 1910 in
798 1851 892 1924 ludo,

211 1935 240 1997 Cr
263 1938 355 2000 uiuum
374 1933 546 2005 combussit;
571 1951 652 2011 quum
676 1933 781 2011 quidem
801 1952 892 2011 pron-

202 2016 277 2097 fits,
298 2015 380 2074 nudis
397 2014 534 2092 pedibus,
556 2012 649 2072 tunicd
663 2013 780 2091 solumi,
798 2013 892 2071 mani·

211 2097 262 2155 bus
285 2096 446 2174 adtergum
471 2090 602 2169 resellis,
628 2092 832 2165 inambularet,
859 2091 890 2151 δ’
986 2151 989 2157 ,

205 2177 258 2238 ¹illi
277 2174 371 2253 misero
388 2175 530 2251 quiritanti
540 2169 649 2246 ,Civis
669 2172 819 2232 Romanus
837 2192 893 2230 na·

203 2275 258 2328 sus
277 2253 338 2314 sum
351 2295 361 2327 ,
374 2254 569 2333 responderet:
591 2250 650 2312 Abi
667 2274 766 2326 nunc,
788 2251 893 2332 populi

212 2334 302 2396 fidem
327 2333 460 2413 implora.
484 2336 581 2415 Besiis
603 2334 665 2393 verb
686 2337 759 2392 ciues
780 2336 892 2394 Roma-

213 2438 263 2475 nos
283 2417 404 2486 ,etiam
427 2416 456 2472 in
481 2415 525 2472 ltis
545 2414 729 2473 circulatorem
750 2416 891 2490 quemdam
960 2450 962 2453 -

213 2498 392 2563 auliionutn,
420 2495 589 2552 notissimum
608 2494 738 2552 bominem
757 2493 893 2580 Hispali,

214 2578 281 2655 quia
299 2573 425 2651 defitrmt's
445 2592 526 2642 erat,
551 2569 658 2650 objecit.
680 2574 747 2632 Cum
762 2571 892 2650 bususce-

215 2656 289 2715 modi
307 2673 429 2733 portento
456 2675 498 2712 res
523 2653 590 2712 milti
606 2653 675 2731 suit.
699 2653 756 2711 Sed
782 2655 825 2709 de·
839 2652 892 2711 illo

211 2736 295 2817 plura
319 2736 419 2794 cotim.
444 2736 552 2805 Nunc,
576 2734 649 2809 quod
664 2732 797 2812 pressat,
825 2733 897 2808 quid

214 2837 255 2874 me
273 2814 367 2876 velitis
375 2811 491 2890 statere,
511 2814 669 2893 conslituite.
692 2816 755 2872 Tres
775 2810 895 2889 legiones

209 2897 310 2974 firmas
338 2894 451 2968 babeo,
485 2914 597 2972 quarum
626 2913 707 2953 unam
736 2890 890 2950 tricesimam

203 2979 337 3052 ,oderant
358 2994 438 3056 quum
457 2976 496 3034 ad
511 2972 543 3054 se
563 2974 641 3036 initio
660 2972 725 3031 belli
745 2966 894 3049 arcessiffit

703 3046 781 3130 Xiij
