2184 3975
256 483 342 579 '3‘32-
393 475 794 547 Erroroennunr
849 460 853 465 ’

255 592 350 675 rie'que
376 596 407 654 in
431 595 593 675 provincias
620 591 741 674 {noseiii
769 589 891 668 effert}
916 591 948 656 in'

256 675 366 736 sortem
389 673 621 754 conjicerentur,
645 673 742 755 quoad
761 677 785 734 is
808 695 948 737 numerus

260 754 377 817 effestus
399 755 486 831 effer,
505 768 594 838 quem
610 754 646 814 ad
661 755 815 815 numerum
831 759 862 815 in
878 778 949 836 pro·

259 840 370 897 v'irrcias
383 838 460 898 mitti
476 853 637 918 oporteret.
655 835 685 896 si
703 840 765 916 quis
781 838 849 896 huic
865 836 895 897 S.
911 835 950 899 C.

262 917 466 978 intercessiffet
491 963 502 993 ,
534 917 686 977 auiioritas
716 915 951 997 perscriberetur.

263 1002 343 1062 Huic
355 999 592 1076 senatusconfielto
610 1000 762 1058 intercessit
776 1001 808 1060 C.
828 1000 853 1059 C
854 1000 950 1074 oelius,

266 1083 300 1140 C.
325 1080 449 1158 Parme,
482 1080 583 1138 tribuni
604 1079 705 1158 plebis.
736 1080 795 1138 Illa
821 1099 956 1160 preterea

268 1162 320 1220 Cn.
342 1161 469 1239 Pompeii
484 1159 553 1239 stent
571 1160 782 1238 animadversa,
803 1181 864 1238 quae
885 1182 950 1220 ma-

263 1240 338 1301 ximi
355 1241 545 1318 confidentiam
561 1241 712 1298 attuierunt
729 1241 903 1316 hominibus,
921 1258 953 1312 ut

266 1324 388 1393 diceret,
400 1320 432 1398 se
451 1339 514 1380 ante
532 1321 605 1380 Kal.
623 1319 711 1380 Mart.
729 1343 783 1380 non
799 1319 875 1400 poffe
892 1324 951 1382 sine

268 1399 374 1461 in'uria
389 1402 422 1458 de
436 1402 592 1489 prouinciis
610 1401 722 1481 Casaris
736 1402 855 1482 statuere
867 1421 881 1474 ,·
894 1402 954 1484 persi

266 1425 340 1542 szl.
373 1483 462 1541 Mart.
475 1481 520 1562 ‘s‘
549 1504 603 1542 non
636 1483 829 1542 dubitaturum.
862 1488 952 1564 Quum

267 1563 496 1644 interrogaretur,
525 1563 551 1621 si
577 1562 624 1640 qui
648 1581 705 1622 tum·
726 1565 953 1635 intercederen23

268 1644 363 1714 dixit,
384 1644 435 1703 hoc
451 1643 527 1703 nihil
540 1641 659 1721 interff
669 1687 681 1714 ,
699 1643 787 1701 urrrim
809 1644 843 1705 C.
866 1643 956 1724 Cesar

263 1722 375 1803 finatui
394 1726 463 1784 dieto
488 1726 603 1783 aurstens
615 1721 728 1803 secturus
743 1746 798 1784 non
817 1724 900 1804 fiet,
917 1746 963 1787 are.

264 1823 380 1886 pararet
398 1806 444 1883 qui
458 1802 584 1883 senarum
604 1807 742 1864 decernere
766 1826 820 1864 non
863 1825 954 1865 atere-

269 1901 323 1944 rur.
342 1887 421 1965 Quid
436 1887 483 1958 si,
506 1888 596 1964 inquit
615 1887 710 1957 alius,
729 1886 756 1943 6³
775 1829 872 1966 consil
884 1884 933 1965 effe
942 1931 955 1958 ,

271 1965 300 2024 δ’
321 1967 467 2025 exercitum
484 1967 579 2025 habere
597 1967 701 2026 volet?
719 1969 759 2028 At
779 1966 853 2039 ille,
875 1967 954 2049 quim

270 2047 437 2106 clementer:
463 2049 573 2125 quidsi
586 2047 666 2126 filius
685 2069 758 2105 meus
774 2045 872 2127 firflem
891 2048 957 2107 milri

270 2127 416 2207 inpingere
443 2129 552 2187 volet?
577 2131 634 2188 His
654 2130 767 2189 uocibus
777 2173 789 2199 ,
813 2149 844 2188 ut
867 2132 957 2211 existi·

271 2225 376 2264 marene
402 2209 522 2265 homines
541 2209 673 2289 Pompeio
699 2230 757 2268 cum
785 2209 889 2290 Caefhre
909 2207 957 2287 effe

269 2284 432 2365 negotium,
454 2284 553 2368 effecit.
576 2290 673 2369 Itaque
685 2288 746 2369 jam
766 2333 776 2360 ‚
799 2306 831 2347 ut
852 2294 957 2363 viden,

274 2368 478 2426 alteramutrarn
519 2370 559 2427 ad
591 2371 771 2430 conditionem
804 2370 959 2451 descendere

271 2448 337 2507 nult
354 2447 443 2527 Cesar
453 2494 464 2520 ‚
476 2468 507 2509 ur
520 2469 569 2509 aut
583 2470 709 2524 maneae,
721 2470 806 2528 neque
821 2452 872 2511 hoc
886 2472 958 2511 anno

265 2526 314 2609 firi
332 2530 404 2587 ratio
423 2530 581 2603 habeatur3
600 2550 668 2605 aut,
686 2534 712 2590 si
731 2532 870 2611 designari
880 2552 958 2613 pote·

271 2610 327 2681 rit,
357 2611 479 2670 decedat.
509 2614 592 2671 Curio
616 2609 648 2690 se
676 2630 771 2671 eontra
792 2634 851 2671 eum
874 2632 959 2673 totum

269 2707 364 2769 parat.
389 2694 470 2769 Quid
493 2691 594 2771 affeqrei
616 2695 727 2771 possit,
755 2691 855 2768 nescio.
884 2693 961 2753 Illud

274 2771 375 2842 video,
392 2771 456 2828 bene
466 2771 645 2848 sentientem,
663 2776 714 2830 etsi
734 2773 806 2832 nihil
825 2771 958 2853 effecerit,

275 2852 370 2908 cadere
388 2872 442 2908 nnn
460 2850 542 2928 poffe.
560 2855 609 2911 Me
627 2856 725 2911 eradiat
742 2853 892 2913 liberaliter
910 2858 961 2913 Cte-

275 2931 339 2999 rio,
366 2930 474 2989 &milri
483 2932 536 3008 fiio
554 2953 659 2989 munere
675 2936 809 3014 negotium
826 2936 962 3015 impofieir.

248 3012 355 3092 „Nam
374 3012 400 3069 si
418 3011 483 3069 milri
499 3034 554 3072 non
575 3014 637 3072 dedi
660 3034 684 3073 ee
700 3037 768 3087 ear,
784 3036 842 3093 qun
859 3018 962 3093 neiiu«⁴
