2184 3975
279 502 677 573 mummium.
692 499 788 569 VIII.
821 520 893 594 327

214 617 394 700 imperatorem
416 617 541 698 singulos
553 620 739 698 pereundam,
762 638 820 676 cum
837 637 893 696 qua

214 702 244 758 sir
261 701 353 779 aliqui
370 695 557 780 deprelerzfils.
575 699 653 759 Vale.

228 828 271 890 M.
292 826 453 890 Canus
474 825 518 888 M.
543 825 751 888 (hennom
771 824 800 886 S.
820 823 865 885 D.

214 947 303 998 Vama
321 949 350 996 de
364 946 481 1013 judiciis,
501 947 583 996 deiude
607 950 634 996 de
654 942 890 1010 Senaruscoasulro,

242 1023 313 1071 &de
327 1018 378 1089 suis
395 1021 488 1070 eamdem
504 1020 572 1070 relus
587 1017 682 1087 scribit.
708 1019 781 1070 Anno
802 1017 834 1068 ll.
861 1019 891 1068 C.

240 1113 301 1161 7⁰2·

152 1282 154 1289 ·
210 1191 309 1323 &E
320 1281 393 1324 Νι
424 1265 457 1324 de
478 1265 646 1346 republica,
673 1285 731 1345 qua
751 1266 801 1324 tibi
814 1264 890 1342 scri·

208 1344 292 1415 lam,
324 1344 440 1404 liabeo:
467 1363 556 1405 tamem
579 1347 652 1404 mihil
670 1390 682 1417 ,
709 1349 782 1426 quod
803 1344 891 1425 magis

203 1425 360 1510 qauifimum
386 1443 411 1484 ee
433 1445 555 1507 putem,
578 1428 688 1499 babeo,
722 1427 801 1506 quim
829 1427 889 1484 hoc.

203 1508 282 1566 Scito
295 1550 308 1578 ,
331 1507 364 1565 C.
381 1508 567 1588 Sempronium
581 1505 705 1582 Rufiem‚
722 1503 824 1584 Rufiem
839 1504 894 1563 mel

202 1608 236 1645 ec
251 1587 371 1646 delicias
382 1605 464 1658 tuas,
479 1587 644 1646 calumniam
657 1590 776 1646 maximo
786 1585 891 1667 plausu

199 1664 312 1744 rulrffe&
328 1668 427 1745 quaris
440 1689 495 1746 qua
507 1671 536 1727 im
551 1667 662 1747 eausa?
677 1672 721 1727 Μ.
743 1670 889 1740 Tuccium,

200 1746 388 1826 accufimorem
412 1747 520 1822 fuum,
557 1752 615 1829 post
645 1750 726 1808 ludos
747 1753 889 1807 Romanos

201 1849 278 1888 reum
296 1829 353 1907 lege
372 1828 469 1887 Ploriei
481 1830 513 1886 de
531 1831 561 1888 ui
574 1829 667 1903 fecit,
683 1830 733 1888 leoc
752 1829 888 1902 consilia,

201 1909 279 1992 quod
294 1907 426 1979 videbar,
446 1912 471 1968 si
487 1911 722 1968 extraordinarius
735 1931 796 1969 reus
811 1931 888 1970 memo

202 1986 381 2067 aceessiffer‚
400 1991 453 2049 sili
471 1993 521 2050 loc
542 2015 615 2052 ammo
638 1992 747 2070 causam
768 1990 817 2069 effe
839 1994 893 2057 di-,

203 2073 327 2131 ceredam.
348 2071 473 2131 Dubium
491 2073 572 2152 porro
592 2074 637 2131 illi
656 2094 710 2130 mom
728 2091 805 2143 erar,
822 2073 891 2149 quid

196 2149 326 2231 ficturum
342 2148 411 2228 fft·
431 2155 546 2211 Nemini
564 2155 614 2211 lzoc
633 2150 733 2231 deferre
746 2152 890 2230 munuscu-

204 2233 258 2291 lum
283 2232 406 2303 maluit,
428 2235 507 2311 qua'm
524 2236 577 2313 fito
602 2233 763 2313 accufizrori.
790 2235 888 2313 Itaque

202 2315 262 2372 sime
279 2313 340 2372 ullo
347 2312 527 2396 subscriptore
543 2315 678 2394 descendit
687 2358 699 2385 ‚
714 2315 741 2372 δ’
758 2317 889 2374 Tuccium

203 2414 276 2452 reum
294 2390 377 2472 secie.
414 2395 454 2455 At
478 2416 524 2475 ego
546 2439 556 2467 ‚
583 2396 747 2471 simulatque
765 2397 863 2455 audivi
878 2439 894 2469 ,

203 2475 348 2534 inuo‘catus
367 2476 408 2531 od
423 2474 556 2552 jubsellia
578 2478 747 2535 reioccurro
761 2495 770 2531 .·
784 2474 889 2557 fingo,

204 2576 286 2634 meque
304 2554 412 2615 uerbum
433 2555 466 2611 de
486 2576 513 2612 re
524 2553 615 2635 flacio.
638 2558 733 2615 Totum
758 2559 888 2639 Sempro-

204 2636 277 2694 nium
294 2634 376 2713 usque
393 2635 423 2693 el
439 2656 561 2714 perago,
576 2656 607 2695 ut
625 2637 767 2717 Vestorium
784 2659 889 2714 quoque

203 2716 400 2796 interponam,
431 2716 458 2775 ee
490 2715 568 2774 illam
592 2713 720 2797 fabulam
747 2737 853 2774 narrem
870 2732 884 2787 ,'

203 2798 423 2874 quemadmodum
450 2795 500 2855 eibi
522 2818 574 2877 pro
599 2798 726 2875 beneficio
758 2797 887 2865 dederit,

203 2880 227 2935 si
248 2879 317 2955 quid
335 2880 366 2936 im
390 2878 499 2936 Thuriis
514 2878 576 2957 suis
593 2878 679 2955 effi,
702 2896 732 2934 ur
754 2881 792 2936 Ve
813 2877 887 2931 orius

203 2973 309 3017 temeret.
331 2960 401 3016 Hac
422 2979 525 3036 quoque
544 2980 643 3039 magma
661 2978 732 3015 mune
749 2956 897 3012 contentia

197 3034 286 3113 sorum
310 3053 391 3100 temer.
416 3040 463 3100 M.
489 3040 624 3102 Seruilius
635 3083 647 3112 ,
665 3038 828 3157 posqqrqam,
855 3048 896 3092 ue·

747 3133 766 3157 11
