2184 3975
305 501 376 572 An
388 501 711 574 fantium.
724 507 766 573 V.
808 522 893 599 203·

196 613 251 677 inti
270 620 329 676 tn'ae
348 615 452 678 defui:
471 634 617 698 quumque
639 635 678 676 eo
692 620 826 700 temp'ore
839 621 888 680 in-

199 697 278 759 vidia
296 700 421 758 annone
437 700 545 759 inimici
559 719 619 759 non
639 696 732 759 solitm
751 704 813 774 tui,
827 721 888 763 ve-

198 779 274 838 rirm·
289 781 381 842 etiam
405 782 564 840 amicorum
589 797 706 840 tuorum
724 827 735 855 ‚
751 782 886 862 iniquitas

199 863 289 920 totius
317 857 446 940 judicii,
472 861 622 941 multaque
647 860 703 922 alia
723 862 887 942 reipublice

200 942 290 1015 vitia,
311 943 400 1021 plus,
418 940 506 1022 quim
524 941 607 1000 causa
626 940 687 1021 ipsa
704 943 888 1023 veritasque,

200 1020 353 1084 valuiiient
367 1041 377 1096 ;
392 1021 497 1083 Publio
516 1039 568 1083 tuo
585 1041 682 1104 neque
701 1024 814 1105 operi,
831 1043 889 1084 ne-

203 1122 259 1184 que
283 1103 409 1164 consilio
426 1149 436 1178 ‚
452 1122 548 1184 neque
565 1102 684 1177 labore,
705 1125 800 1186 neque
823 1125 892 1188 gra·

203 1185 241 1243 tii
271 1228 284 1256 ,
312 1203 411 1265 neque
435 1182 600 1246 testimonio
620 1184 728 1258 defui.
767 1184 890 1264 Quam-

205 1265 330 1338 obrem,
347 1265 482 1325 omnibus
499 1263 599 1324 officiis
613 1269 744 1327 amicitiae
765 1267 891 1351 diligen·

205 1363 246 1405 ter
265 1366 283 1404 a
299 1365 350 1406 me
369 1344 519 1426 sanaeque
537 1345 655 1408 servatis
669 1394 678 1423 ,
690 1368 728 1408 ne
749 1347 807 1408 hoc
825 1350 890 1428 qui·
941 1415 943 1419 ,

206 1425 273 1487 dem
285 1425 629 1508 pretermittendumeffe
640 1427 727 1500 duxi,
737 1445 766 1486 te
778 1446 810 1488 ur
822 1428 891 1489 hor-

207 1524 282 1567 tarer
299 1526 512 1647 ropmmme,
528 1527 562 1568 ut
581 1508 776 1568 &honinem
796 1526 843 1583 te,
857 1509 891 1568 δι

206 1588 302 1649 virum
317 1608 334 1648 e
358 1586 579 1662 ememinisses,
594 1587 624 1647 id
639 1587 697 1663 est,
717 1607 750 1649 ut
761 1609 894 1650 commu·
920 1607 923 1611 ·
972 1607 974 1609 '

207 1688 276 1728 nem
284 1673 486 1752 incertumque
505 1669 623 1743 casum,
636 1689 724 1750 quem
736 1688 830 1750 neque
846 1672 894 1731 vi·

208 1767 267 1810 tare
285 1747 436 1832 quisquam
447 1747 599 1823 nostrim,
618 1769 674 1811 nec
690 1748 819 1831 prestare
831 1751 893 1811 ullo

209 1829 294 1910 paiio
312 1829 429 1912 potest,
446 1829 590 1912 sapienter
609 1829 721 1905 ferres,
742 1831 774 1890 δι
795 1831 894 1891 dolori

210 1911 324 1972 sortiter
333 1932 368 1972 ac
379 1911 502 1974 sortunae
521 1910 664 1974 resisteres
677 1932 686 1984 ;
697 1910 894 1996 cogitaresque

168 2045 169 2051 ,
212 1993 243 2053 &
263 1998 293 2054 in
317 1992 412 2054 nostra
430 1996 567 2068 civitate,
586 1996 618 2053 δι
639 1998 668 2054 in
688 2011 813 2067 ceteris,
830 2014 896 2075 quae

212 2093 307 2135 rerum
327 2077 427 2157 potitae
443 2074 528 2151 sunt,
547 2076 645 2135 multis
663 2075 824 2136 fortissimis
846 2091 895 2135 at-

213 2175 267 2295 pue
285 2157 404 2235 optimis
417 2157 487 2219 viris
506 2153 614 2235 injustis
633 2155 744 2235 judiciis
758 2156 829 2216 tales
847 2176 897 2215 ca·

222 2257 255 2296 us
276 2234 416 2298 incidiffe.
436 2236 512 2297 Illud
532 2240 642 2297 utinam
657 2258 693 2298 ne
709 2240 779 2298 vere
791 2237 896 2297 scribe-

213 2337 295 2392 rem,
312 2318 349 2378 ei
367 2336 397 2379 te
414 2318 563 2399 republici
578 2338 674 2379 carere
690 2363 699 2394 ,
718 2321 748 2378 in
765 2338 822 2397 qua
840 2338 895 2378 ne-

215 2400 326 2459 minem
357 2398 514 2460 ‘rudentem
529 2399 679 2461 hominem
699 2419 745 2459 res
762 2400 822 2458 ulia
843 2399 898 2459 de·

216 2478 309 2540 lestet.
355 2498 435 2541 eruo
448 2498 545 2540 aurem
556 2480 617 2541 filio
638 2499 745 2542 vereor
762 2500 800 2540 ne
812 2479 835 2539 si
848 2482 899 2539 ni-

218 2558 255 2619 hil
270 2560 307 2621 ad
324 2578 355 2621 te
370 2559 551 2641 scripserim,
572 2562 703 2623 debitum
720 2559 784 2642 ejus
798 2561 899 2623 virtuti

220 2641 315 2702 videar
334 2641 532 2704 testimonium
556 2664 615 2702 non
632 2640 735 2724 cepisse
755 2662 764 2714 ;
784 2644 830 2701 sin
847 2663 901 2704 au·

222 2736 278 2781 tem
299 2726 418 2796 omnia,
432 2743 497 2804 quae
518 2721 635 2798 sentio,
663 2722 900 2805 perscripserim,

223 2822 256 2862 ne
280 2802 416 2865 refricem
442 2806 522 2877 meis
540 2804 642 2865 litteris
667 2804 843 2865 desiderium
866 2822 902 2861 ee

224 2881 355 2945 dolorem
376 2902 468 2945 tuum.
486 2884 544 2944 Sed
562 2898 660 2963 temen
680 2882 903 2966 prudentissime

226 2960 332 3039 facies,
348 2966 374 3026 si
390 2965 466 3026 iilius
484 2968 642 3045 pietatem,
666 2971 805 3027 virtutem
821 3008 834 3037 ,
853 2966 904 3022 in·

226 3042 567 3127 ,initiam-‚ubicumque
585 3042 909 3187 eris,tuatpesse,te-

760 3144 792 3207 v)
