2184 3975
273 461 350 550 194
421 450 826 525 Earsrotanvrt

268 571 359 655 plus,
382 567 471 651 quim
490 568 570 650 qubd
596 566 806 650 firmitudinem
827 569 959 653 gravitas

270 669 391 733 temque
407 648 510 739 ‘animi
531 648 574 708 tui
601 648 755 789 perspexi,
785 672 874 732 quam
899 674 959 712 non

270 734 378 793 imitari
395 729 594 812 turpissimum
607 733 656 790 exi
681 732 754 792 imo.
774 731 883 813 'ltaque
903 732 961 794 ho'c

271 817 360 876 etiam
380 810 532 873 fortiorem
552 831 601 872 me
623 826 720 892 puto,
742 812 833 895 quim
853 831 885 873 te
909 814 960 897 ip-

271 893 335 956 sum
356 912 567 976 preceptorem
594 891 801 969 fortitudinis,
827 893 911 975 quod
923 902 959 956 'tu

273 976 345 1037 mihi
376 975 476 1035 videre
506 972 587 1056 spem
611 971 792 1034 'nonnullam
820 974 960 1050 hahere,

275 1057 338 1118 haee
355 1056 508 1136 aliquando
520 1054 615 1114 futura
628 1056 770 1116 meliora:
785 1054 873 1115 casus
881 1059 960 1116 enim

276 1137 452 1221 gladiatorii,
472 1135 728 1219 similitudinesque
749 1151 811 1208 ee,
831 1152 896 1197 tum
916 1147 961 1198 ra'·

275 1222 371 1279 tiones
394 1220 425 1277 in
451 1237 486 1278 ea
511 1215 704 1298 disputatione
722 1239 740 1276 a
756 1233 786 1278 te
806 1215 936 1278 colleaae
949 1259 962 1293 ,ν

274 1300 413 1362 vetabant
430 1318 479 1358 me
497 1297 663 1380 reipublice
683 1300 798 1380 penitus
816 1297 961 1362 diffidere.

274 1379 376 1461 ltaque
390 1378 512 1440 alterum
530 1378 625 1439 minito
643 1381 748 1438 mirum
766 1423 776 1454 ‚
806 1376 960 1440 fortiorem

273 1478 305 1523 te
321 1459 398 1535 elle,
412 1478 501 1541 quum
514 1460 623 1542 aliquid
638 1457 656 1520 's
690 1477 733 1525 res
745 1479 755 1532 3
767 1459 895 1520 alterum
909 1463 961 1520 mi-

274 1562 362 1617 rum,
383 1540 431 1622 spe
448 1541 507 1602 ulle
522 1543 626 1602 teneri.
645 1480 729 1622 guid
746 1538 788 1600 est
802 1542 883 1600 enim
898 1559 960 1602 non

273 1628 315 1684 ita
337 1621 492 1697 affettum,
511 1638 542 1682 ut
557 1621 586 1681 id
607 1642 668 1682 non
689 1621 820 1682 deletum
838 1619 960 1682 exstinc-

275 1722 398 1787 tumque
417 1700 473 1764 esse
493 1697 623 1764 fateare?
646 1700 844 1783 Circumspice
861 1705 960 1764 omnia

173 1809 175 1814 ’
276 1787 408 1847 membra
431 1784 615 1865 reipublicae,
645 1804 709 1864 quae
730 1785 883 1844 notissima
897 1784 960 1846 sunt

274 1867 343 1939 ribi3
360 1866 471 1926 nullum
490 1867 618 1945 reperies
635 1860 788 1946 profesio,
803 1866 885 1946 quod
899 1884 959 1926 non

276 1946 398 2009 stadium
416 1946 634 2007 debilitatumve
650 1947 703 2005 sit:
722 1966 787 2027 quae
804 1945 960 2028 pedeque&

277 2050 349 2103 rer,
369 2032 395 2089 si
413 2043 463 2087 aut
480 2027 582 2087 melius
598 2046 634 2087 ea
647 2027 804 2099 viderem,
824 2026 912 2108 quim
928 2047 961 2090 tu

277 2110 389 2183 vides,
417 2124 466 2169 aut
500 2127 729 2170 commemorare
757 2105 871 2189 pollent
898 2110 960 2170 sine

278 2190 403 2261 dolore;
421 2208 597 2270 quamquam
616 2187 672 2250 tuis
691 2190 810 2250 monitis
827 2208 961 2271 praeeep·

276 2269 368 2350 risque
393 2272 487 2328 omnis
504 2267 546 2329 est
569 2265 747 2347 abjiciendus
771 2270 866 2331 dolor.
882 2270 960 2353 Ergo

279 2350 312 2409 &
331 2348 487 2411 domestica
503 2348 652 2426 feremus,
667 2370 700 2412 ut
714 2350 812 2411 censes
827 2396 836 2426 ‚
853 2352 885 2411 δι
904 2373 962 2432 pu-

278 2431 356 2491 blica
397 2430 462 2492 aulo
479 2434 568 2491 etiam
585 2430 687 2492 sortiiis
710 2430 848 2510 fortasse,
872 2433 960 2513 quim

279 2530 313 2572 tu
332 2453 396 2593 ἱρὲ
405 2557 416 2585 ,
437 2515 488 2593 qui
504 2515 646 2593 praecipis.
664 2510 710 2571 Te
729 2516 808 2573 enim
826 2509 891 2593 spes
907 2515 961 2574 ali-

279 2613 337 2674 qua
361 2593 550 2668 consolatur,
579 2609 612 2652 ut
634 2592 758 2652 scribis:
784 2614 840 2653 nos
864 2613 962 2655 autem

280 2677 386 2735 erimus
408 2676 495 2735 etiam
520 2677 549 2733 in
572 2675 653 2735 omni
677 2672 879 2754 desperatione
899 2675 962 2735 sor-

279 2775 348 2829 tes,
376 2772 408 2815 ut
429 2772 578 2815 tutamen
599 2756 677 2815 idem
697 2754 728 2813 &
756 2755 907 2830 hortariS,
930 2756 961 2817 δι

217 2895 219 2898 .
281 2838 421 2918 precipis.
442 2834 506 2895 Das
523 2839 602 2896 enim
620 2837 691 2895 mihi
711 2833 851 2914 jucundas
867 2851 961 2897 recor*

280 2918 411 2980 dationes
437 2916 619 2977 conscientiae
644 2915 779 2990 nostre,
806 2937 960 3000 rerumque

281 3015 403 3077 earum,
425 3018 513 3080 quas,
529 3013 560 3060 te
574 2998 718 3081 inprimis
735 2996 874 3074 ausimo,
894 3017 960 3082 ges-2
