2184 3975
279 455 358 537 266
426 460 807 530 Errsrorravrr
856 476 865 492 ι

274 571 427 656 peditatsis¹
439 573 470 634 &
490 571 635 655 equitatis
660 574 690 631 in
715 573 812 655 aliqua
831 582 960 654 pugnas·

296 676 339 715 uae
355 654 528 735 popularem
541 654 762 713 admirationem
778 653 965 728 habuerunu

274 676 498 802 desediarionem
509 733 563 796 tibi
574 733 681 794 nullam
691 731 857 796 attulissent.
871 733 965 812 Quod

274 818 299 874 si
319 833 352 877 tu
372 836 424 897 per
442 834 495 876 eos
518 814 581 876 dies
600 833 720 894 operam
741 813 847 875 dedisti
863 813 966 874 Proto-

275 898 344 978 geni
364 915 439 969 tuo,
458 895 620 955 dummodo
648 897 673 953 is
693 893 746 954 tibi
770 895 890 975 quidvis
909 915 966 975 po·

277 975 469 1057 tii1s‚qu*am
491 977 638 1035 orationes
659 994 741 1033 meas
763 975 870 1057 legerit
887 993 897 1046 ;
920 993 965 1033 nae

277 1072 320 1121 tu.
340 1055 416 1115 haud
444 1054 530 1134 paulo
564 1054 657 1133 plus,
692 1054 784 1134 quim
857 1053 966 1134 isquam

277 1133 424 1208 nossrdm,
442 1133 639 1195 delenationis
652 1133 783 1195 habuisti.
829 1156 872 1194 on
884 1136 963 1194 enim

278 1229 308 1283 te
331 1231 402 1293 puro
422 1211 568 1287 Graecos,
589 1231 639 1274 aut
662 1212 757 1294 Oscos
777 1214 865 1275 ludos
887 1213 967 1274 desi·

279 1292 416 1366 derasse3
448 1293 604 1374 prasertim
633 1315 724 1374 quum
752 1291 852 1355 Oscos
881 1293 967 1355 ludos

279 1374 329 1434 vel
345 1377 377 1435 in
391 1373 490 1435 senatu
500 1372 599 1434 nostro
614 1372 739 1453 spedare
757 1377 853 1454 possis
865 1393 877 1447 ;
887 1371 968 1433 Grae-

281 1475 333 1514 cos
354 1458 393 1516 ira
415 1477 475 1515 non
494 1475 598 1527 ames,
619 1471 652 1514 ut
673 1475 710 1514 ne
730 1455 766 1514 ad
786 1455 888 1515 villam
923 1455 969 1514 ui·

282 1527 353 1594 dem
376 1550 456 1596 tuam
484 1535 534 1596 viai
562 1533 668 1595 Graecai
692 1536 733 1593 ire
760 1534 864 1595 soleas.
921 1554 968 1594 arn

283 1615 354 1697 quid
380 1636 436 1698 ego
459 1633 487 1675 te
510 1615 630 1675 athletas
654 1632 754 1693 putem
778 1615 970 1690 desiderare,

284 1697 334 1774 qui
383 1695 536 1755 iadiatores
560 1693 791 1773 contempseris?
813 1693 969 1775 inquibus

284 1773 345 1854 ipse
363 1714 531 1855 dompeius
561 1772 715 1834 confitetur
737 1772 765 1833 se
794 1773 826 1833 &
847 1794 970 1854 operam

288 1858 320 1913 δι
343 1853 442 1914 oleum
459 1853 622 1934 perdidisse.
642 1852 774 1935 Reliquae
795 1853 859 1915 sunt
879 1875 972 1916 vena·

285 1934 380 2002 tiones
405 1934 480 1993 binae
503 1955 556 2016 per
580 1935 641 1996 dies
663 1937 820 2016 quinque,
851 1956 882 1994 m
920 1937 972 1997 ni·

286 2011 370 2087 ficae,
395 2034 483 2075 nemo
507 2034 594 2096 negat
611 2036 620 2087 ;
644 2014 694 2075 sed
712 2036 777 2096 quae
796 2014 892 2095 potest
931 2038 973 2077 o-

288 2096 359 2153 mini
387 2093 443 2156 esse
473 2094 567 2174 polito
592 2094 777 2167 deledatio,
804 2117 895 2176 quum
923 2114 974 2157 aut

288 2174 379 2232 homo
412 2174 572 2235 imbecillus
603 2197 620 2235 a
650 2177 847 2236 valentissima
882 2174 974 2237 bestia

287 2251 437 2328 laniatur,
462 2269 511 2313 aut
563 2255 676 2314 raeciara
706 2254 795 2315 bestia
823 2255 974 2317 venabulo

287 2276 561 2394 transverberatur?
574 2356 639 2414 quae
656 2354 778 2408 tamen,
798 2336 821 2393 si
842 2336 973 2397 videnda

292 2408 378 2487 sunt,
401 2412 474 2495 saepe
494 2411 609 2487 vidisti3
629 2434 722 2495 neque
739 2436 819 2486 nos,
840 2418 891 2497 qui
908 2417 973 2477 haec

289 2489 498 2571 speravimus,
513 2495 667 2576 quidquam
680 2496 750 2555 novi
764 2494 900 2557 vidimus.
914 2494 973 2557 Ex·

289 2576 643 2656 tremus-elephantorum
667 2574 729 2634 dies
752 2574 826 2648 suit,
856 2579 887 2636 in
910 2596 973 2657 quo

291 2652 442 2714 admiratio
461 2676 567 2736 magna
583 2654 663 2735 vulgi
682 2673 767 2734 arque
789 2656 904 2728 turbae,
921 2657 975 2717 de·

290 2732 405 2793 lediario
426 2734 502 2794 nulla
523 2732 626 2794 exstitit
647 2756 654 2790 :
685 2736 862 2813 quinetiam
882 2736 974 2798 mise·

291 2812 415 2873 ricordia
445 2816 578 2894 quaedam
605 2811 758 2873 consecuta
785 2815 857 2889 est,
885 2834 975 2897 atque

291 2896 392 2973 opinio
412 2889 574 2972 ejusmodi,
595 2889 650 2951 effe
672 2894 828 2972 quamdam
846 2897 890 2957 illi
908 2896 975 2957 bel·

290 2972 347 3035 luae
359 2994 432 3047 prum
449 2994 557 3057 genere
569 2971 703 3047 ,humano
722 2974 903 3041 societatem.
919 2976 977 3043 His
