2184 3975
200 517 276 608 '248
348 513 723 584 Errsrorunvsr

201 629 318 694 cebatut
334 632 412 690 enirn
429 627 543 688 fortuna
563 626 623 708 ipsa
642 625 800 688 debilitatae
820 636 891 708 gra:

201 712 249 768 tiae
268 707 391 783 nostrae,
411 711 454 769 tui
470 711 608 780 caritate,
628 707 660 768 δι
682 713 752 766 tneo
773 725 886 786 perpe·

202 806 255 849 tuo
278 810 346 871 erga
367 807 396 850 te
414 809 542 860 amore,
569 787 648 848 culto
666 809 683 846 a
702 802 731 846 te
754 784 884 867 diligen-

201 870 321 929 tissime.
357 868 467 931 Omnia
493 866 656 948 promissa,
683 864 884 942 confirmata,

203 966 283 1009 certa
302 950 334 1010 &
351 967 411 1010 rata
426 950 509 1022 sunt,
530 969 594 1029 quae
611 947 788 1008 ad'reditum
802 947 836 1007 &
848 948 885 1008 ad

201 1029 322 1101 salutem
340 1032 419 1090 suam
441 1032 602 1111 pertinent:
622 1028 705 1100 vidi,
726 1031 884 1110 cognovi,

140 1160 145 1171 .
201 1110 328 1171 interfui.
345 1109 460 1170 Etenim
476 1130 579 1170 omnes
598 1107 716 1171 Caesaris
728 1107 884 1169 familiares

199 1190 268 1264 ,satis
286 1191 451 1273 opportune
468 1190 564 1251 habeo
580 1190 743 1271 implicatos
762 1187 886 1250 consue·

202 1272 303 1331 tudine
322 1272 352 1331 &
368 1271 596 1344 benevolentias,
611 1273 652 1331 sic
668 1286 723 1344 ut,
739 1290 832 1350 quum
848 1271 885 1330 ab

202 1351 255 1411 illo
278 1350 471 1426 discesserint,
495 1372 543 1413 me
563 1352 688 1411 habeant
706 1351 887 1431 proximum.

200 1431 273 1492 Hoc
296 1431 410 1506 Pansa,
437 1432 567 1507 Hirtius,
589 1430 718 1503 Balbus,
736 1428 884 1510 Oppius,

198 1511 334 1588 ¹Matius,
357 1511 514 1573 Postumius
557 1513 621 1572 lane
639 1515 678 1572 ita
697 1509 826 1586 faciunt,
851 1529 885 1572 ut

199 1613 252 1663 ¹me
271 1594 354 1653 unice
374 1593 424 1653 dili
445 1610 503 1653 ant.
527 1536 623 1671 &uod
639 1595 662 1654 si
680 1591 752 1650 mihi
767 1612 820 1672 per
835 1611 885 1654 me

206 1671 389 1735 efficiendum
414 1615 507 1734 suisset
530 1719 541 1745 ,
568 1695 629 1732 non
654 1692 704 1732 me
724 1675 884 1754 poeniteret

198 1753 259 1834 'pro
279 1758 389 1816 ratione
410 1771 576 1836 temporum
595 1757 635 1812 ita
660 1752 717 1814 esse
740 1753 884 1835 molitum.

204 1834 264 1895 Sed
291 1837 361 1895 nihii
385 1834 426 1895 est
445 1859 461 1894 a
480 1856 527 1895 me
550 1833 716 1895 inservitum
742 1836 883 1914 temporis

204 1914 315 1974 causi:
339 1933 453 1976 veteres
473 1918 543 1974 mihi
564 1914 792 1976 necessitudines
817 1936 884 1976 cum

204 1994 247 2055 his
267 1998 401 2056 omnibus
419 1997 626 2067 intercedunt,
644 1996 812 2077 quibuscum
827 2017 886 2082 ego

205 2096 290 2157 agere
310 2076 345 2137 de
362 2094 390 2137 te
408 2097 468 2136 non
489 2075 591 2137 destiti.
608 2076 771 2157 Principem
785 2095 884 2137 tamen

197 2156 353 2231 ,habuimus
379 2156 524 2231 Pansam,
553 2161 595 2219 tui
618 2156 885 2232 studiosissimum,

203 2238 264 2295 mei
293 2237 459 2315 cupidum,
493 2239 542 2317 qui
570 2240 680 2300 valeret
705 2239 781 2319 apud
801 2238 884 2299 illum

203 2336 266 2376 non
281 2318 374 2376 minus
389 2316 571 2392 undositate,
585 2319 671 2400 quim
687 2319 786 2401 gratis.
802 2318 885 2379 Cim-

203 2394 257 2456 ber
284 2415 381 2457 autent
410 2396 513 2459 Tillius
541 2401 612 2460 mihi
635 2400 719 2479 plane
740 2398 884 2462 satisfecit.

204 2475 313 2538 Valent
337 2494 435 2539 tamen
465 2480 540 2560 apud
571 2480 714 2541 Caesarem
739 2502 800 2540 non
823 2497 883 2541 tant

203 2557 362 2618 ambitiosae
383 2563 570 2641 rogationes,
595 2560 681 2641 quim
703 2557 883 2635 necessariae;

203 2659 291 2718 quarn
306 2642 372 2720 quia
386 2640 506 2702 Cimber
525 2642 673 2715 habebat,
688 2640 753 2721 plus
769 2641 882 2716 valuit,

198 2718 292 2800 :quim
313 2742 366 2801 pro
385 2722 445 2781 ullo
465 2725 520 2781 alio
539 2722 637 2782 valere
655 2719 805 2801 potuisset.
824 2720 884 2782 Di·

203 2801 305 2882 pluma
324 2800 419 2864 statim¹
435 2822 495 2861 non
515 2800 556 2859 est
577 2802 701 2875 datum,
728 2802 810 2883 qubd
827 2804 883 2861 mi-

203 2879 283 2943 rifica
301 2880 341 2942 est
366 2880 531 2962 improbitas
554 2884 583 2940 in
604 2882 805 2962 quibusdam,
834 2887 884 2964 qui

200 2962 327 3028 ,tulissent
349 2963 476 3022 acerbibs
496 2964 612 3021 veniam
628 2964 681 3022 tibi
700 2964 778 3036 dari,
794 2984 885 3045 quem

197 3041 244 3103 ilii
259 3043 406 3127 appellant
417 3042 508 3107 tutan
525 3045 592 3107 belli
606 3045 699 3108 civilis
712 3065 718 3104 :
733 3043 885 3127 multaque
