2184 3975
289 461 367 542 '192
438 440 840 520 Enisronnnu‘rt'

285 585 318 628 ut
349 563 446 626 minor
473 568 510 627 sit
535 564 608 627 fides
630 610 640 640 ,
666 567 762 625 minor
789 562 972 626 audior'itast

288 650 371 708 multi
392 647 516 727 denique
538 667 570 708 re
593 647 770 720 rehendant,
793 645 826 706 &
847 646 975 722 dicant,

286 729 511 792 verecundiores
544 669 607 794 ede
646 747 796 808 praecones
835 725 974 790 ludorum

287 811 517 891 gymnicorum,
543 811 593 891 qui
614 828 703 889 quum
720 808 827 869 ceteris
847 828 974 868 coronas

285 889 474 970 imposuerint
486 889 659 963 visionibus,
672 908 834 972 eorumque
851 891 973 950 nomina

285 971 393 1052 magni
424 990 500 1032 voce
527 972 769 1051 pronuntiarint,
793 989 888 1049 ¹quum
917 971 974 1050 ipsi

285 1068 353 1111 ante
376 1051 510 1111 ludonrm
530 1053 700 1111 missionem
721 1048 831 1110 corona
852 1048 973 1110 donen-

284 1146 349 1204 tur,
371 1131 458 1190 alium
481 1152 650 1211 praeconem
658 1124 836 1204 adhiheant,
860 1150 899 1191 ne
922 1130 973 1192 sua

285 1214 434 1291 voce-ipsi
450 1212 477 1272 se
496 1211 622 1272 vidores
640 1211 697 1274 ess'e
712 1212 881 1294 praedicent.
897 1210 973 1274 Haee

284 1313 339 1352 nos
360 1294 452 1352 vitare
476 1294 628 1372 cupimus3
648 1293 701 1364 δι,
724 1296 748 1352 si
770 1293 874 1372 recipis
898 1312 973 1354 cau·

285 1371 345 1433 sarm
363 1371 509 1447 nostram,
523 1373 699 1445 vitabimus,
715 1372 802 1454 idque
818 1388 851 1432 ut
861 1370 972 1450 facias,

284 1471 431 1536 rogamus.
463 1453 539 1528 Ac,
571 1474 609 1514 ne
639 1453 714 1514 forte
741 1456 871 1526 mirere,
900 1474 971 1530 cur,

285 1555 375 1616 quum
397 1534 467 1595 mihi
487 1533 562 1614 saepe
583 1533 742 1595 ostenderis
764 1550 795 1596 te
816 1537 972 1596 accuratis-

186 1618 195 1634 '
284 1616 357 1674 sime
379 1616 542 1675 nostrorum
558 1633 726 1696 temporum
744 1615 864 1685 consilia
882 1632 970 1698 atque

286 1713 408 1757 eventus
435 1697 536 1757 litteris
567 1696 797 1770 mandaturum,
831 1717 849 1756 a
878 1711 911 1757 te
937 1696 970 1758 id

284 1797 362 1836 nunc
382 1794 465 1838 tanto
491 1796 581 1856 opere
610 1775 641 1836 &
667 1793 727 1836 tam
750 1776 847 1837 multis
870 1777 970 1838 verbis

283 1874 436 1936 petamus3
455 1856 505 1916 illa
526 1877 581 1917 nos
601 1858 741 1935 cupiditas
757 1856 911 1933 incendit,
930 1859 969 1921 de

285 1959 343 2019 qua
356 1939 442 1997 'initio
458 1937 573 2016 scripsi,
589 1936 776 2000 festinationis
787 1937 895 2033 ’.qubd
909 1938 970 2000 aia-

283 2039 346 2079 cres
363 2021 459 2078 animo
476 2017 596 2088 sumus;
623 2038 654 2079 ut
672 2021 704 2079 δι
727 2036 815 2080 ceten
835 2024 969 2081 viventi-

283 2100 336 2159 bus
355 2100 439 2157 nobis
457 2117 496 2157 ex
515 2099 593 2158 libris
613 2102 669 2159 tuis
690 2122 744 2160 nos
770 2100 967 2181 cognoscant,

283 2179 316 2238 dc
342 2178 510 2257 nosmetipsi
538 2181 600 2239 vivi
632 2180 756 2261 gloriolai
779 2179 875 2240 nostri
900 2203 969 2263 per·

280 2256 417 2319 frua-mur.
441 2259 494 2319 His
517 2260 554 2320 de
577 2260 661 2320 rebus
682 2261 752 2341 quid
773 2259 885 2322 adunus
901 2266 968 2337 sis,

282 2342 305 2397 si
325 2339 376 2398 tibi
394 2361 455 2400 non
476 2339 516 2400 est
534 2339 712 2414 molestum,
741 2341 876 2402 rescribas
896 2345 968 2405 mihi

279 2420 379 2481 velim.
398 2421 426 2481 Si
439 2424 520 2482 enim
536 2421 650 2502 suscipis
666 2419 796 2494 causam,
813 2421 968 2484 conficiam

281 2521 506 2563 commentarios
521 2523 620 2563 rerum
640 2523 788 2563 omnium:
807 2525 850 2563 srn
869 2525 968 2566 autem

279 2582 377 2643 differs
397 2606 445 2643 me
461 2585 492 2641 in
508 2600 622 2663 tempus
640 2584 737 2656 aliud,
753 2584 853 2644 cosam
867 2603 968 2647 tecuna

278 2662 393 2744 loquar.
417 2662 465 2723 Tu
482 2665 595 2724 interea
613 2686 673 2725 non
691 2663 831 2739 cessabis,
851 2667 884 2725 &
907 2688 966 2741 ea,

268 2765 343 2889 gphae
367 2744 468 2885 hapepl
477 2741 629 2821 instituta,
658 2747 830 2829 perpolies,
852 2747 965 2833 nosque

332 2845 392 2911 ges.
470 2843 496 2894 e.
573 2904 576 2908 Ἰ
894 2873 900 2881 s

854 3070 967 3137 M.C.'
