2184 3975
220 482 291 549 Ao
307 481 571 550 nmmum
588 481 673 554 ιιι.
692 481 737 552 II.
775 503 835 580 73·

139 597 226 669 lem,
245 599 271 656 si
288 592 401 679 poffem
425 597 462 657 ad
484 599 586 657 otium.
606 599 682 660 Nam
703 600 740 660 ad
758 600 827 661 bel·

139 679 203 738 lum
234 677 356 759 quidem
383 677 434 759 qui
465 679 603 738 convenit
627 681 639 740 ἓ
671 680 828 760 presertim

140 775 245 820 eontra
267 777 365 832 eum,
394 760 439 819 cui
459 755 543 838 spero
570 778 618 819 me
638 758 797 822 satisfecisse
816 781 827 834 3

139 840 177 901 ab
192 859 268 912 reo,
289 839 341 898 <ui
361 853 461 899 tamen
485 836 614 900 satisfieri
635 841 715 903 nullo
734 842 828 903 modo

139 917 261 1002 potasti
281 917 402 980 Deinde
421 918 592 980 sententiam
611 939 710 982 meam
728 937 760 982 ru
779 921 835 982 fa'-·

141 1000 252 1062 cill'rrne
281 997 444 1082 perspicere
477 998 594 1082 potuisti
624 998 685 1081 jam
711 1001 749 1061 ab
776 1002 835 1063 illa·

143 1097 304 1163 tempore,
333 1100 423 1161 qaum
441 1082 473 1142 in
495 1078 661 1142 Cumanum
682 1083 754 1142 mihi
772 1081 845 1142 ob·x

141 1165 223 1224 viam
241 1159 364 1222 uenisti:
379 1182 444 1223 non
461 1163 541 1223 enim
562 1179 592 1222 te
610 1162 703 1224 celavi
721 1163 831 1223 sermo·

140 1263 214 1304 nem
232 1239 273 1303 T.
293 1240 416 1324 Ampii:
442 1240 557 1316 vidisti,
576 1243 665 1325 quim
684 1243 829 1305 abhorre·

140 1344 207 1384 rem
223 1322 261 1382 ab
273 1322 345 1383 urbe
358 1323 561 1404 relinquenda,
576 1345 666 1404 quum
681 1323 831 1387 audissem.

141 1403 255 1465 Nonne
272 1404 326 1463 tbi
341 1401 504 1477 affirmavi,
525 1405 640 1485 quidvis
662 1425 710 1466 me
730 1406 829 1485 potibs

141 1481 369 1566 perpeffiarum‚
394 1484 483 1565 quim
501 1505 538 1544 ex
557 1482 638 1544 ltalia
659 1485 697 1544 ad
717 1485 829 1546 bellurn

143 1567 231 1626 civile
254 1564 423 1626 exiturum?
443 1562 531 1643 Quid
548 1583 621 1648 ergo
640 1565 763 1640 accidit,
779 1586 830 1624 cur

141 1645 299 1706 consilium
322 1645 492 1706 mutarem?
520 1644 744 1707 nonne'ornnia
808 1662 830 1695 '-

142 1727 200 1788 tiirs
218 1772 229 1800 ‚
257 1745 290 1787 ut
306 1728 336 1785 in
352 1725 492 1787 sententia
507 1725 733 1807 permanerem?
753 1667 831 1785 gii·

144 1808 198 1868 das
213 1807 273 1868 hoc
292 1805 365 1866 mihi
384 1808 496 1883 velim,
518 1807 598 1889 quod
618 1824 690 1888 puto
709 1823 738 1867 te
755 1805 831 1867 exis··

143 1891 248 1949 rimare
274 1931 285 1961 ,
306 1907 355 1948 me
377 1908 415 1949 ex
440 1887 482 1947 his
511 1886 631 1947 miseriis
656 1886 727 1950 nihil
749 1886 829 1948 aliud

148 1990 297 2111 qplaerete,
320 1970 376 2029 nisi
398 1968 593 2112 upippppplnepr
606 1968 761 2071 aliquando
782 1969 830 2029 in·

144 2068 265 2199 1238?
264 2068 300 2191 {a
317 2070 496 2211 {ipim
526 2069 605 2220 nr?
620 2070 809 2190 tm
819 2175 832 2207 ,

146 2212 237 2293 quim
255 2232 334 2272 arma
349 2212 458 2271 sinilia.
478 2210 573 2289 Hulus
593 2231 640 2272 me
664 2150 831 2273 continua

145 2312 222 2374 puto
238 2290 303 2353 fore
319 2311 351 2353 ut
371 2312 529 2372 numquam
545 2294 695 2373 poenireat.
712 2290 831 2353 'Etenim

146 2376 270 2435 memini
290 2418 302 2447 ‚
323 2376 355 2433 in
374 2372 432 2434 hoe

146 2453 206 2515 effe
225 2453 397 2513 familiarem
413 2394 541 2515 nofimm
557 2452 600 2531 Q.
619 2452 832 2525 Hortensium,

170 2535 413 2616 nonnumquam
440 2534 521 2594 bello
548 2532 627 2607 civili
654 2531 833 2594 interfuisset.

147 2557 223 2677 ιἐῖεε
245 2614 343 2676 nostra
363 2615 423 2675 laus
440 2618 498 2675 erit
514 2613 670 2689 illustrior,
733 2614 772 2675 bd
789 2614 832 2674 illi

149 2694 330 2757 tribuebatur
347 2698 470 2782 ignaviae
484 2716 498 2769 -;
523 2694 562 2755 de
580 2695 664 2755 nobis
683 2698 693 2755 i
733 2692 833 2756 existi·

150 2779 223 2839 mari
248 2773 329 2862 posse
355 2799 417 2837 non
447 2776 580 2837 arbitror.
606 2775 671 2837 Nec
701 2796 750 2837 me
779 2771 833 2832 ista

151 2874 281 2933 terrent,
292 2878 363 2939 .quae
376 2857 451 2917 mihi
463 2880 483 2917 a
502 2875 532 2918 te
549 2856 586 2917 ad
600 2859 737 2917 timorem
753 2852 834 2912 fidis-

150 2938 255 3013 sime,
279 2956 370 3020 atque
391 2938 587 2999 amantissime
608 2948 829 3018 proponuntur:

154 3020 231 3088 nulla
249 3017 291 3079 est
304 3021 389 3079 enim
406 3019 564 3097 acerbitas,
580 3039 649 3101 quae
664 3037 726 3078 non
738 3015 835 3089 omniq

193 3094 295 3167 rarius
312 3097 370 3169 XI·
700 3092 734 3167 D

436 2405 441 2416 ⁴
472 2392 562 2433 enere
582 2373 698 2454 gloriari
714 2372 831 2433 solitum
939 2385 943 2394 '
