2184 3975
281 520 334 620 5‘6
406 524 807 596 Errsroaruurr

298 669 344 732 M.
364 667 402 732 Τ.
424 667 461 732 C.
483 670 689 732 Puocousun
709 668 747 731 C.
766 668 943 743 Cuu10u13

409 767 569 832 Turuuuo
592 790 719 847 rums,
738 770 767 834 S.
789 768 831 829 D.

280 903 328 954 Ex
349 904 434 955 Cilicia
452 904 551 957 Curioni
568 907 597 953 de
618 904 739 954 tribunatu
752 903 790 971 pl.
807 901 964 970 gratulatur,

319 978 469 1042 hortaturque
489 995 518 1026 ne
537 976 600 1040 cujus
622 977 745 1026 consilium
762 973 897 1043 fiquatur,
921 969 966 1040 sed

270 1058 273 1065 '
319 1053 382 1118 quod
397 1049 480 1100 redum
496 1049 545 1111 est,
565 1050 697 1112 constanter
708 1047 806 1115 faciat,
824 1064 867 1097 nec
882 1046 964 1114 patia-

319 1139 359 1173 tur
381 1123 427 1173 sibi
450 1121 600 1190 provinciam
626 1123 762 1192 prorogari.
783 1123 857 1171 Anno
881 1118 918 1169 U.
938 1119 964 1168 C.
1003 1171 1007 1180 ⁴

317 1214 377 1262 702.

280 1295 453 1442 fissan
474 1365 626 1447 gratulatio
647 1361 821 1446 reprehendi
839 1384 901 1424 non
921 1359 965 1423 so·

278 1444 346 1519 let,
393 1445 528 1506 raesertim
550 1450 574 1507 si
595 1447 675 1507 nulli
695 1447 772 1529 negli
792 1444 872 1505 eutii
888 1465 965 1526 prae·

280 1467 406 1588 termiiia
433 1526 492 1588 est:
522 1529 611 1608 longe
637 1530 715 1587 enim
740 1467 860 1587 abdunt
877 1524 963 1585 audio

281 1603 355 1666 ferd.
375 1606 434 1667 Sed
455 1608 561 1666 tibi&
580 1608 727 1688 gratulor,
747 1606 799 1680 &,
812 1624 845 1666 ut
860 1605 966 1686 sempi-

281 1702 372 1748 ternae
392 1687 469 1748 laudi
485 1686 539 1748 tihi
555 1690 591 1746 sit
608 1684 658 1747 iste
677 1687 855 1760 tribunatus,
870 1688 967 1766 exop-

282 1784 336 1829 ro:
359 1785 446 1850 teque
465 1768 586 1842 hortor,
605 1784 636 1828 ut
655 1770 754 1828 omnia
771 1767 915 1850 gubernes
934 1768 966 1827 ὃ(

282 1849 438 1909 moderere
462 1849 615 1928 prudentii
635 1848 709 1922 tu53
731 1869 768 1909 ne
789 1866 819 1908 te
836 1847 967 1908 auferant

280 1929 404 1989 aliorum
424 1930 553 1988 consilia.
576 1927 675 1989 Nemo
696 1926 759 2004 est,
781 1929 831 2008 qui
852 1927 939 1990 tibi's
951 1961 967 1975 -

280 2011 408 2091 pientius
433 2008 550 2069 suadere
571 2011 686 2089 possit,
714 2026 743 2069 te
763 2008 850 2088 ipso:
875 2030 965 2071 num·

283 2110 372 2171 quam
398 2089 522 2164 labere,
548 2089 571 2148 si
590 2108 619 2150 te
643 2089 751 2151 audies.
781 2088 851 2150 Non
873 2090 966 2152 scribo

282 2171 341 2231 hoc
365 2172 495 2231 temere:
518 2173 564 2231 cui
589 2170 735 2245 scribam,
755 2170 870 2233 video:
895 2174 967 2233 novi

221 2317 222 2320 Ἴ
279 2255 409 2312 animum
425 2298 434 2325 ‚
450 2254 522 2312 novi
541 2253 693 2313 consilium
709 2270 790 2312 tuum
809 2272 817 2311 z
836 2274 899 2312 non
913 2272 966 2313 ve·

281 2352 370 2407 reor,
388 2353 425 2394 ne
441 2333 511 2413 quid
531 2334 654 2410 timide,
675 2354 713 2393 ne
731 2333 801 2414 quid
820 2330 903 2393 stulte
918 2333 966 2394 fa-

282 2416 362 2488 cias,
384 2416 412 2474 si⁴
428 2434 463 2475 ea
479 2412 640 2486 defendes,
661 2435 724 2494 quae
742 2413 801 2494 ipse
812 2413 895 2475 -reua
908 2413 965 2477 effe

219 2558 223 2566 ,
281 2492 397 2556 senties.
428 2494 524 2574 Qubd
548 2498 578 2555 in
606 2495 637 2555 id
661 2495 825 2576 reipublicae
849 2502 965 2576 ternpus

278 2595 341 2637 nun
359 2577 513 2649 incideris,
533 2575 582 2637 sed
599 2579 711 2637 veneris
731 2574 745 2657 (
762 2573 870 2654 judicio
885 2579 965 2637 enim

281 2674 357 2731 tuo,
379 2680 439 2720 non
458 2657 522 2718 casu
538 2659 569 2716 in
588 2656 680 2737 ipsum
696 2657 848 2718 discrimen
867 2677 966 2717 rerum

280 2739 426 2803 contulisti
443 2739 619 2798 tribunatum
638 2752 719 2796 tuum
738 2737 751 2818 )
772 2736 905 2818 profeeid
920 2740 966 2798 vi·

281 2820 364 2893 des,
387 2835 494 2899 quanta
518 2819 563 2878 vis
583 2820 613 2875 in
631 2817 779 2897 republica
797 2835 965 2900 temporum

284 2903 322 2961 sit
336 2945 346 2975 ,
361 2916 466 2981 quanta
484 2899 607 2961 varietas
625 2918 739 2973 rerum,
758 2899 847 2979 quim
863 2901 979 2960 incerti·

281 2983 399 3054 exitus,
420 2980 507 3061 quiam
528 2978 669 3038 flexibiles
686 2980 838 3041 hominum
856 2982 965 3041 volun-

204 3097 206 3101 *
279 3075 353 3124 tates
369 3082 376 3123 :
393 3062 463 3143 quid
480 3059 670 3137 insidiarum,
695 3061 764 3141 quid
783 3063 917 3125 vanitatis
934 3063 967 3121 in
