2184 3975
294 473 362 540 Ao
384 473 776 543 ruminantium
810 491 888 565 457

206 606 266 648 rum
292 589 430 666 copiarum
459 587 601 646 Antonius
628 589 722 647 emisit
745 607 891 648 veterano·

204 686 276 725 rum.
308 669 371 725 Nee
401 666 434 723 id
463 682 553 723 tomen
580 667 639 725 sine
666 668 762 745 aliqua
778 666 889 748 juiiuro

204 746 354 805 cohortium
368 747 594 825 pretorianorum
610 749 754 826 nostrarum
770 792 780 819 ,
803 750 830 807 6·
847 749 890 821 le·¹

201 825 293 906 pionis
322 823 435 885 Martio
456 825 521 902 fieri
540 827 643 904 potuit.
667 828 780 904 Aquilo
799 831 890 903 dieo,

204 906 286 986 §igno
290 903 439 984 sexaginta
445 903 512 980 sunt
522 906 610 963 relato
621 909 749 966 Antonii.
762 910 817 966 Res
825 909 889 967 bene

201 985 273 1067 gesa
292 987 335 1065 ιβ.
353 989 395 1044 A.
414 986 442 1044 d.
456 1000 514 1043 xu.
528 986 603 1044 Kal.
619 989 717 1059 Maii,
737 1007 772 1044 ex
787 988 890 1066 ιαβιίι.

201 1083 255 1147 ·C.
283 1083 418 1146 Asmuus
445 1080 573 1144 Pouuo
591 1082 761 1146 Cicmoui
786 1083 816 1144 S.
836 1083 880 1145 ὓς

202 1186 512 1240 Excusurionuu
530 1187 621 1253 effere,
643 1189 705 1255 quod
717 1187 818 1249 studium
832 1205 888 1256 erge

240 1277 313 1327 remp.
321 1256 388 1325 suurn
396 1261 497 1308 nondum
506 1261 663 1309 declaraverit
674 1257 759 1325 :seque
767 1260 887 1311 libertatis

239 1334 401 1400 recuperande
406 1332 557 1398 percupidum
566 1333 665 1395 ostendit
675 1333 723 1380 An.
734 1331 767 1381 ll.
778 1335 806 1382 C.
817 1351 874 1398 pio.

203 1412 493 1560 31.M1N1Mb
510 1480 606 1539 mirum
621 1479 671 1538 tibi
684 1479 759 1539 debet
773 1483 883 1552 uideri„

200 1561 275 1623 nibil
302 1583 342 1620 me
362 1559 500 1641 seripsiffe
524 1562 558 1618 de
584 1559 748 1638 republica,
773 1565 884 1641 postea-

202 1663 285 1722 quem
305 1642 372 1700 itum
394 1642 428 1721 ιβ
447 1643 486 1699 ad
505 1661 592 1699 arma.
621 1642 697 1698 Nom
708 1641 801 1718 salim
819 1641 886 1720 Cas·

201 1723 379 1799 tolonensis,
403 1723 449 1800 qui
460 1721 566 1800 semper
582 1722 666 1779 tenuit
682 1720 782 1799 nostros
800 1723 886 1781 tobel·

201 1802 319 1872 larios,
352 1802 402 1860 etsi
424 1822 496 1860 nunc
517 1799 740 1880 frequentioribus
766 1801 883 1860 lotroci-

202 1883 258 1945 niis
279 1879 395 1961 insesior
407 1879 500 1959 subires
521 1883 576 1962 ιβ,
604 1899 693 1939 tomen
712 1902 883 1960 nequaquam

202 1979 281 2023 tanta
302 1965 332 2023 in
350 1982 424 2022 more
446 1965 501 2043 ιβ,
529 1979 632 2041 quanto
657 1961 705 2039 qui
726 1961 795 2020 iocis
819 1983 880 2021 om-

200 2043 284 2112 uibus
304 2042 430 2121 dispositi
454 2044 490 2101 ab
512 2062 625 2120 utraque
647 2061 727 2120 parte
748 2042 880 2120 scrutan-

200 2140 246 2182 tur
271 2124 452 2191 tabellarios‚
482 2122 508 2181 Cr
528 2124 651 2179 retinent.
676 2120 795 2199 Itaque,
823 2125 880 2181 nisi

200 2224 272 2263 naue
291 2205 403 2283 perlueae
423 2202 517 2261 littere
535 2199 637 2280 esent,
663 2204 771 2261 omnino
788 2201 879 2282 nesci·

200 2303 255 2341 rem
262 2326 273 2353 ,
282 2284 350 2361 quid
356 2283 412 2362 ι’βὶι
424 2283 507 2352 fieret.
521 2286 606 2342 Nunc
617 2282 680 2340 uerb
692 2286 785 2340 notius
799 2303 877 2342 occa·

199 2366 325 2434 sionem,
349 2365 519 2442 posteaquam
541 2364 667 2441 navigeri
683 2381 794 2439 coptum
813 2366 877 2441 ιβ,

198 2444 375 2524 cupidissime*
398 2486 408 2513 ‚
440 2442 565 2520 &quim
585 2440 736 2499 creberrimi
755 2461 876 2519 potero,
924 2464 926 2467 ·

194 2523 313 2604 scribam
328 2524 367 2582 ed
378 2540 413 2581 te.
431 2525 477 2581 Νι
494 2541 603 2580 moveor
621 2518 678 2595 ejus
687 2519 854 2597 sermonibus
863 2566 876 2593 ‚

199 2624 278 2683 quem
304 2604 411 2662 temetsi
435 2622 510 2660 nerno
535 2599 570 2679 ιβ
597 2601 643 2677 qui
666 2602 757 2660 uidere
777 2602 874 2673 velit,

200 2703 290 2744 tamen
313 2702 481 2760 nequaquam
503 2682 617 2759 proinde
638 2700 672 2738 ae
694 2681 792 2759 dignus
810 2684 845 2760 ιβ
862 2725 881 2752 ,

200 2765 315 2825 oderunt
335 2763 479 2832 homines,
494 2760 643 2841 perieulum
663 2781 716 2817 non
736 2759 788 2837 ιβι
805 2762 876 2820 adeo

200 2844 235 2922 ιβ
254 2844 323 2902 enim
346 2842 450 2918 invisus
469 2842 554 2913 mihi,
580 2858 610 2898 ut
631 2839 702 2899 nibil
725 2860 779 2897 non
801 2860 877 2900 acer·-

199 2924 262 2983 bum
288 2940 405 3002 putem,
426 2923 500 3000 quod
518 2940 652 2979 commune
677 2938 735 2977 eum
755 2918 807 2979 illo
827 2921 876 2979 sie.

198 3006 314 3070 Nature
334 3020 424 3062 autem
445 3021 504 3063 meo
514 3043 526 3073 ,
548 3000 576 3061 θ
584 2998 679 3082 sudio
701 2999 813 3060 trahunt
837 3019 879 3060 me

241 3087 341 3147 Tomus
358 3083 417 3145 XI.
746 3075 777 3138 X
