2184 3975
246 481 344 595 ¹292
413 503 795 572 Enteroxxnunr
835 521 837 523 ’

267 615 362 692 sesto,
386 618 475 678 laudo
493 617 631 700 equidem
650 617 887 697 parcimoniam:
905 613 958 675 sed

268 700 380 772 miror,
399 698 469 779 quid
487 700 518 758 in
539 699 587 758 illa
604 697 730 756 chartula
747 696 855 768 suerit,
877 697 958 776 quod

269 777 369 838 delere
391 779 549 851 malueris,
573 777 659 858 quim
680 777 740 836 haec
767 775 958 848 exscribere,

269 860 325 917 nisi
344 857 421 918 sorte
442 877 504 919 tuas
522 856 669 918 formulas.
694 855 764 916 Non
784 859 866 918 enim
885 872 957 936 puto

269 955 301 997 te
316 958 394 998 meas
410 936 544 1018 epistolas
560 938 679 1008 delere,
696 953 729 996 ut
744 956 872 1018 reponas
884 955 958 997 tuas.

271 1017 323 1078 An
341 1019 397 1078 hoc
414 1016 576 1100 significas,
593 1017 663 1076 nihil
683 1015 765 1076 fieri?
784 1018 890 1100 frigere
907 1017 956 1078 te?

271 1118 309 1158 ne
327 1099 452 1158 chartam
467 1097 585 1177 quidem
604 1097 657 1156 tibi
672 1094 879 1176 suppeditare?
893 1096 959 1156 Jam

270 1175 321 1237 ista
336 1193 385 1236 tua
397 1179 482 1258 culpa
495 1172 536 1237 est
566 1179 624 1256 qui
635 1177 844 1238 verecundiam
860 1194 959 1237 tecum

271 1257 407 1318 extuleris
422 1258 484 1330 ‚⁹&
505 1276 525 1315 n
548 1279 567 1317 n
587 1258 634 1317 hic
654 1257 806 1316 nobiscum
826 1259 959 1338 relique-

271 1339 320 1397 ris.
342 1335 405 1418 Ego
425 1357 455 1398 te
475 1337 567 1411 Balbo
587 1382 597 1411 ,
618 1358 707 1418 quum
726 1337 764 1396 ad
782 1360 840 1399 vos
863 1335 959 1418 profi-

273 1416 420 1491 ciscetur,
450 1438 533 1478 more
565 1417 703 1478 Romano
731 1419 978 1479 commendabo.-

275 1495 351 1570 Tu,
378 1501 401 1557 si
419 1498 603 1560 intervallum
624 1499 737 1580 longius
753 1501 809 1558 erit
828 1519 959 1558 mearum

273 1578 454 1652 litterarum,
474 1598 510 1639 ne
531 1581 570 1640 sis
585 1579 754 1638 admiratus:
778 1598 861 1638 eram
880 1580 959 1638 enim

275 1658 423 1719 absuturus
437 1658 535 1720 mense
549 1658 652 1739 Aprili.
666 1659 727 1717 Has
741 1658 851 1719 litteras
862 1658 959 1738 scripsi

275 1741 307 1798 in
334 1737 518 1819 Pomptino,
550 1759 639 1819 quum
657 1739 695 1796 ad
712 1738 813 1798 villam
839 1739 961 1799 Metrilii

276 1817 453 1878 Philemonis
475 1818 679 1891 devertislem3
701 1838 737 1877 ex
755 1838 811 1898 qua
830 1817 890 1898 jam
908 1841 959 1880 au·

276 1898 387 1956 dieram
398 1898 543 1959 fremitum
556 1901 704 1959 clientium
716 1918 870 1975 mmmm,
926 1921 960 1961 os

277 1977 396 2060 quidem
412 1997 443 2039 tu
466 1979 536 2040 mihi
557 1977 721 2039 conciliasti.
742 1977 820 2039 Nam
840 1980 881 2041 Ul
923 1983 959 2042 ris

277 2060 397 2120 honoris
415 2062 473 2120 mei
494 2060 580 2120 causti
596 2063 657 2121 vim
679 2063 835 2120 maximam
851 2081 962 2122 ‘ranun-

278 2139 411 2198 culorum
430 2139 458 2198 se
479 2140 637 2200 commisse
656 2138 810 2201 constabat.
832 2139 913 2202 Cura
928 2158 961 2201 ut

276 2219 384 2281 valeas.
403 2236 449 2277 v1.
467 2218 534 2280 ldus
554 2220 649 2301 April.
667 2220 705 2280 de
730 2218 900 2301 Pomptino.
953 2214 956 2217 ’

276 2378 277 2381 ¹
320 2296 478 2377 Epistolam
502 2315 605 2374 tuam,
636 2320 723 2383 quam
745 2305 846 2383 accepi
870 2301 906 2362 ab
924 2299 960 2363 L.

278 2376 418 2439 Arruntio
442 2424 453 2452 ‚
486 2380 613 2441 conscidi
645 2384 863 2443 innocentem:
890 2382 960 2442 nihil

279 2463 358 2519 enim
372 2459 518 2532 habebat,
538 2462 617 2542 quod
633 2483 691 2521 non
707 2464 755 2524 vel
770 2465 800 2522 in
817 2466 959 2523 concione

278 2538 355 2599 reste
378 2540 405 2599 le
426 2544 434 2600 i
455 2541 557 2621 poslet.
581 2542 686 2603 Sed&
703 2541 857 2603 Arruntius
877 2547 917 2604 ita
931 2559 961 2604 te

279 2562 425 2680 mardani
441 2622 561 2693 aiebat,
583 2623 659 2681 &tu
680 2621 874 2704 adscripseras.
895 2622 961 2683 Ve-

280 2702 345 2759 rium
366 2701 438 2761 illud
463 2701 534 2762 esto.
566 2700 643 2760 Nihil
668 2718 698 2761 te
724 2703 760 2762 ad
785 2723 834 2763 me
862 2701 961 2783 postea

279 2779 416 2924 scppsille
438 2783 587 2857 demiror,
606 2780 761 2864 presertim
791 2802 853 2846 tarn
876 2786 961 2847 noris

277 2882 309 2924 re
331 2883 373 2927 us.
970 2877 977 2893 '
