2184 3975
197 497 275 590 398
346 499 724 569 Errsrorrnvnr

199 614 263 674 tule
285 613 440 696 intelligo,
461 611 531 693 quid
550 612 708 691 impediat:
736 609 785 672 sed
803 613 883 674 certe

199 692 293 752 adhuc
314 716 376 755 non
393 695 521 765 fuimus,
540 713 635 774 'quum
655 691 778 754 essemus
792 695 883 755 vicini

200 775 231 831 in
252 772 438 850 Tusculano„
462 779 493 840 in
512 771 683 835 Puteolano.
713 771 791 834 Nam
812 774 888 856 quid.

200 853 297 913 dicam
325 858 355 914 in
382 855 477 916 urbe?
505 855 536 913 in
564 875 642 935 qua,
666 874 755 936 quum
786 853 885 917 forum

203 953 360 996 commune
384 939 451 1009 sit,
481 936 612 996 vicinitas
638 956 699 996 non
722 938 885 1016 requiritur.

204 1013 263 1076 Sed
278 1014 342 1076 casu
355 1015 451 1078 nescio
467 1037 527 1098 quo
545 1017 624 1076 inea
637 1033 772 1095 tempora
789 1013 885 1077 nostra

205 1113 275 1157 aetas
303 1098 428 1170 incidit,
451 1114 483 1157 ut
509 1117 598 1178 quum
628 1097 887 1168 maximeflorere

202 1198 259 1237 nos
276 1199 294 1236 o
318 1195 444 1252 oneret,
460 1195 522 1236 turn
534 1179 635 1238 vivere
652 1180 739 1237 etiarn
752 1177 886 1257 puderet.

204 1255 280 1335 Quo
316 1261 395 1319 enirn
411 1257 481 1318 mihi
518 1272 613 1318 oterat
628 1255 684 1318 effe
700 1256 885 1340 perfugium,

203 1335 327 1418 spoliato
345 1339 377 1399 ὅ(
394 1279 557 1399 dometiicis
575 1336 784 1398 &forensibus
800 1359 888 1399 orna·

205 1420 339 1494 mentis,
364 1436 450 1500 arque
475 1417 608 1479 solatiis?
628 1419 753 1492 littera,
773 1419 888 1495 credo,

206 1499 310 1576 quibus
340 1517 406 1560 utor
438 1499 581 1572 assidue3
607 1499 677 1580 quid
707 1501 787 1559 enim
812 1501 888 1560 aliud

205 1579 301 1641 facere
321 1579 434 1659 possum
446 1580 457 1641 ἓ
473 1578 523 1641 sed
537 1578 635 1640 nescio
651 1580 805 1661 quomodo
819 1580 888 1662 ipsa

206 1659 264 1722 511ae
286 1660 438 1722 excludere
466 1679 514 1721 me
539 1681 556 1720 a
583 1677 671 1740 portu
700 1660 733 1720 &
753 1658 888 1744 perfugio

206 1741 365 1816 uidentur,
385 1742 417 1801 &
435 1744 517 1822 quasi
532 1742 705 1821 exprobrare
724 1786 734 1815 ‚
758 1742 842 1822 quod
858 1745 892 1802 in

208 1840 244 1881 ea
264 1824 325 1883 vira
343 1842 498 1895 maneam,
522 1823 554 1880 in
571 1842 628 1902 qua
642 1821 712 1882 nihil
727 1824 815 1895 insit,
835 1825 892 1883 nisi

208 1904 381 1984 propagatio
412 1901 563 1963 miserrimi
592 1905 742 1983 temporis.
770 1902 835 1962 Hic.
858 1919 891 1963 tu

209 1980 246 2044 ei
264 2004 311 2044 me
326 1979 418 2043 abeffe
435 1983 507 2044 urbe
522 1984 653 2058 miraris,
667 1987 698 2043 in
713 2006 770 2065 qua
786 1986 893 2045 domus

207 2062 280 2124 nihil
297 2062 438 2125 deledare
453 2063 567 2145 possit?
582 2063 723 2126 summurn
739 2068 776 2127 sit
789 2067 893 2126 odium

207 2161 396 2226 temporum,
415 2145 586 2221 hominum,
606 2145 684 2219 fori,
704 2146 811 2207 curiae?
831 2142 893 2207 lta·¹

209 2243 267 2306 que
286 2228 326 2285 sic
341 2226 441 2287 litteris
460 2243 527 2287 utor
544 2272 554 2302 ,
584 2230 615 2287 in
632 2228 734 2308 quibus
751 2226 893 2289 consumo

210 2325 299 2368 omne
318 2323 454 2387 ternpus,
472 2330 532 2371 non
552 2324 584 2368 ut
601 2307 637 2367 ab
658 2307 700 2367 his
716 2308 896 2369 medicinam>

209 2404 400 2468 perpetuam,
417 2388 466 2449 sed
483 2405 514 2447 ut
532 2389 667 2470 exiguam
684 2388 795 2449 doloris
814 2389 892 2449 ohli-

211 2469 332 2529 tionem
347 2486 455 2551 petam.
468 2468 561 2548 Quod
574 2472 597 2528 si
611 2469 641 2529 id
652 2466 821 2549 egissemus,
835 2490 895 2551 ego

212 2565 242 2609 at
263 2569 299 2611 ue
323 2566 386 2624 tu,
413 2550 548 2629 quodne
567 2551 598 2607 in
619 2564 750 2610 mentem
773 2550 895 2631 quidem

211 2571 295 2692 oditis
317 2630 455 2692 veniebat
475 2648 595 2710 propter
659 2630 803 2691 otidianos
822 2652 894 2691 rno-

212 2726 281 2784 tus,
303 2731 391 2772 omne
408 2728 524 2790 tempus
544 2709 603 2770 uni
650 2709 781 2784 iffemus3
796 2731 896 2793 neque

212 2812 260 2853 me
274 2791 410 2851 valetudo
422 2809 469 2851 tua
481 2789 662 2865 offenderet,
674 2811 770 2871 neque
782 2809 811 2851 te
822 2814 897 2851 moe·

212 2894 263 2932 ror
275 2891 374 2933 meus:
400 2871 499 2953 quod,
519 2890 657 2952 quantum
676 2870 739 2931 fieri
757 2875 867 2953 poterit
885 2917 896 2944 ,

212 2949 430 3033 consequamur.
447 2950 532 3030 Quid
549 2954 627 3011 enim
643 2950 684 3011 est
697 2956 811 3033 utrique
829 2952 898 3012 nos·

211 3031 288 3172 txrliplm
303 3032 419 3118 aptius?
437 3032 613 3122 i'ropediem
628 3049 657 3093 te
672 3036 757 3118 igitur
773 3034 898 3120 videbo,

272 3132 302 3175 e·
383 3166 388 3173 .
