2184 3975
260 501 338 575 Au
352 503 675 573 murrinam.
693 502 771 575 Vll.
803 523 878 600 309

182 632 314 698 propter
323 629 389 677 tuas
407 634 453 676 res
465 617 504 677 ita
515 615 671 678 contradas
684 663 694 692 ,
706 635 758 692 ut,
776 639 878 700 quem·

182 697 357 758 admodum
376 695 494 770 scribis,
512 715 567 759 nec
586 718 620 755 ca
641 715 693 770 ut,
708 717 762 757 nec
776 701 877 778 pedes.

182 774 341 859 Equidem
360 776 491 852 vellem,
509 779 551 836 uti
569 797 606 856 pe
629 797 660 837 es
679 776 835 851 haberent,
849 795 882 840 ut

182 856 352 938 aliquando
375 857 493 917 redires.
519 854 615 917 Vides
644 859 722 917 enim
746 857 881 919 exaruisse

184 934 251 1016 iam
271 952 407 999 veterem
423 937 635 997 urbanitatem:
655 955 687 997 ut
704 937 883 1018 Pomponius

185 1015 293 1079 noster
323 1016 375 1078 suo
402 1015 464 1096 jure
496 1019 588 1098 possit
614 1017 731 1091 dicere,
756 1020 813 1078 nisi
832 1042 884 1078 nos

185 1100 280 1180 pauci
308 1101 471 1158 retineamus
497 1099 611 1178 gloriam
636 1101 777 1177 antiquam
801 1102 885 1158 Atti·

189 1199 267 1238 cam.
297 1175 376 1259 Ergo
404 1180 428 1237 is
455 1175 532 1251 tibi,
562 1198 616 1236 nos
642 1173 682 1237 ei'
698 1177 886 1241 succedimus.

189 1255 277 1318 Veni
296 1259 402 1338 igitur,
419 1255 537 1338 quaeso,
551 1277 589 1317 ne
604 1273 702 1318 tamen
716 1257 815 1318 semen
834 1281 884 1320 ur·

193 1336 334 1399 banitatis
351 1337 410 1398 unit
430 1358 498 1398 cum
515 1336 663 1418 republica
679 1341 811 1399 intereat.

182 1545 184 1556 Ι
257 1465 426 1530 Crceno
461 1465 696 1528 Voturturo
729 1466 759 1528 S.
792 1465 844 1550 D.¹

197 1599 245 1652 Ex
267 1600 356 1651 Cilicia
380 1598 413 1651 P.
439 1597 568 1652 Volumnio
584 1596 669 1666 scribit
696 1601 724 1651 dc
751 1600 835 1657 lillis,
856 1603 886 1651 dc

229 1674 351 1742 judiciis,
366 1675 394 1722 de
408 1690 459 1741 rep.
475 1673 502 1722 de
517 1673 656 1723 Dolabella
672 1677 774 1724 nondum
787 1691 885 1745 genero.

233 1746 311 1798 Anno
331 1745 365 1798 ll.
387 1748 414 1796 C.
435 1763 494 1812 7⁰2·

264 1826 332 1901 {a

203 1913 251 1977 32.
267 1900 329 1986 ἱ(
344 1893 426 1955 ubn
451 1896 511 1956 sine
530 1897 709 1975 prenomine
733 1893 886 1957 familiaria

203 1996 268 2052 ter,
287 1974 468 2039 ut'debebas
488 2022 498 2050 ‚
520 1967 557 2037 ad
578 1998 626 2038 me
653 1973 801 2059 epistolam
823 1981 884 2037 mi·
978 2017 981 2021 -

203 2057 285 2134 sisti,
309 2059 435 2140 primirm
465 2058 651 2132 addubitavi,
676 2079 745 2116 num
770 2080 786 2115 a
813 2058 885 2117 Vo-

203 2139 315 2200 lumnio
337 2136 467 2206 senatore
489 2137 579 2212 esset,
607 2158 733 2219 quocum
755 2137 825 2196 mihi
844 2137 885 2198 est

203 2216 333 2315 magnus‘
343 2218 421 2279 usus:
437 2218 541 2279 deinde
557 2219 713 2295 ιὸτμπιιιί
727 2217 886 2279 litterarum

204 2299 296 2375 sectr,
321 2316 354 2359 ut
376 2299 567 2381 intelligerem
588 2317 650 2357 tuas
676 2296 742 2358 esse.
767 2300 884 2379 Quibus

205 2382 232 2441 in
248 2382 352 2442 litteris
365 2381 464 2437 omnia
478 2380 548 2439 mihi
562 2375 741 2460 perjucunda
754 2378 888 2455 fuerunt,

205 2480 311 2543 praeter
329 2459 421 2534 illud,
439 2460 519 2539 qubd
535 2478 637 2539 parum
656 2457 807 2539 diligenter
821 2461 888 2540 pos·'

207 2541 294 2603 sessio
324 2538 473 2600 salinarum
496 2558 627 2599 mearum
651 2556 668 2595 a
689 2553 718 2597 te
746 2558 888 2617 procura-

206 2638 271 2683 tore
288 2619 464 2682 defenditur.
481 2618 533 2680 Ais
550 2621 647 2691 enim,
667 2633 698 2676 ut
714 2636 771 2700 ego
788 2621 889 2681 disces·

208 2702 290 2764 serim
320 2746 332 2774 ,
369 2703 469 2760 omnia
498 2701 629 2759 omnium
654 2696 727 2756 ditia
750 2744 760 2773 ‚
791 2704 822 2758 in
844 2700 888 2759 his

208 2786 293 2845 etiam
315 2780 478 2854 Seruiana,
500 2782 529 2839 in
555 2799 602 2839 me
624 2777 758 2839 conferri.
781 2778 889 2857 Quid?

209 2881 237 2925 tu
260 2864 290 2925 id
311 2860 444 2943 pateris?
463 2880 562 2921 norme
587 2858 742 2919 defendis?
760 2881 820 2918 non
839 2878 891 2917 re-

210 2942 303 3004 sistis?
327 2939 473 3022 Equidem
491 2940 641 3020 sperabam
662 2941 702 2999 ita
723 2956 820 2998 notata
841 2957 891 2995 me

210 3019 363 3109 reliquisse
378 3039 486 3105 genera
508 3021 651 3085 diliorum
674 3037 835 3092 meorum,
860 3033 892 3080 ut
