2184 3975
167 513 171 521 '
206 528 279 598 Ao
296 528 557 601 murz-irruo
570 532 655 604 [ιι.
670 489 736 603 III.
769 550 833 628 93¹

166 664 176 703 ι
197 646 331 713 amicitia
350 645 457 707 tuenda
478 689 489 717 ,
515 645 603 726 qudm
621 646 702 721 tibi,
724 663 821 711 tamen

166 723 227 787 ulrb
249 729 345 809 magis
369 746 438 788 meo
457 724 533 786 facio
556 725 712 799 deleant,
774 727 829 787 dm·

166 826 195 867 ο.
208 804 282 890 Ego
302 808 384 868 euim
398 804 543 867 Brundisii
560 808 678 888 quadri
694 746 822 868 oiddia-

166 906 212 963 ι,
231 885 331 967 cujus
358 888 429 949 uuihi
453 888 576 951 videbar
598 888 631 949 δι
653 884 822 949 fidelitatem

166 986 201 1051 ga
214 984 250 1029 te
266 968 462 1049 perspexisse,
481 968 514 1029 dc
528 965 608 1030 nosse
621 969 720 1029 locum
735 988 825 1050 quem

166 1048 210 1109 ud
226 1066 261 1110 ce
275 1052 303 1111 is
318 1067 559 1131 renererfquam
574 1051 605 1109 in
622 1066 734 1131 partem
751 1070 824 1130 pro·

166 1130 239 1191 ntiae
264 1133 396 1193 maxime
418 1146 531 1213 putaret
554 1146 585 1191 te
609 1130 708 1205 velle,
734 1148 768 1192 ut
791 1133 823 1193 iu

166 1210 323 1273 ccedendo
344 1212 471 1292 primduu
487 1213 629 1272 venirem.
650 1209 755 1291 Quum
771 1212 822 1274 ill'e

166 1290 205 1353 ihi
223 1290 421 1375 respondisset
440 1338 451 1367 ‚
480 1292 553 1353 nihil
568 1312 617 1353 me
640 1292 692 1353 tibi
715 1296 821 1376 gratius

166 1390 232 1435 cere
260 1372 344 1455 posse
365 1419 376 1450 ,
400 1373 489 1455 quim
511 1375 537 1434 ci
558 1372 596 1432 ad
617 1371 715 1434 Sidam
737 1377 824 1434 navi·

167 1450 268 1528 d'em3
286 1456 343 1517 etsi
358 1456 455 1517 minis
469 1453 500 1514 di
541 1454 615 1514 itatis
632 1454 754 1515 habebat
772 1454 823 1517 ille

167 1534 314 1611 uentus,
344 1535 484 1596 &adm
516 1554 558 1595 tas
576 1553 623 1594 res
640 1535 711 1593 mihi
729 1534 824 1595 minus

168 1632 198 1677 at
219 1634 329 1697 aptus,
345 1634 445 1678 tamen
467 1618 506 1685 ita
529 1634 578 1675 me
598 1613 658 1675 dixi
675 1613 825 1677 fadhrrum.

167 1716 222 1759 em
249 1717 267 1758 e
290 1718 310 1757 o
336 1718 426 1779 quum
450 1696 484 1759 L.
510 1694 654 1757 Clodium
672 1693 824 1776 .Corcyrae

167 1797 235 1841 inve
256 1780 264 1793 ”
289 1798 362 1852 ern,
380 1778 531 1840 hominem
549 1778 591 1837 ita
610 1776 663 1836 tibi
684 1773 831 1855 conjunc·-

167 1878 223 1933 ιιι,
243 1874 277 1920 ιιι
297 1859 391 1935 mihi,
409 1879 476 1919 cum
491 1856 545 1918 illo
602 1876 653 1916 uro
667 1855 824 1938 loquerer,

167 1960 242 2002 cum
268 1939 353 2023 loq'ui
378 1939 494 2003 viderer
518 1981 529 2013 ,
585 1938 623 1997 ixi
651 1938 679 1998 ei
705 1958 755 2000 me
784 1940 824 2002 ita

167 2020 379 2096 ,siuruueffe,
397 2023 559 2088 utineam
578 2036 714 2099 partem,
872 2033 882 2050 ·

167 2102 250 2164 haria
264 2100 412 2185 rogasset,
431 2098 559 2182 primdm
576 2102 720 2164 venirem.
735 2041 824 2162 ἢ

167 2203 188 2258 ρ
204 2181 279 2248 mihi
289 2202 381 2264 quum
393 2186 497 2265 gratias
509 2178 627 2264 egisset,
644 2201 825 2265 magnopere

178 2283 236 2342 unc
265 2265 400 2344 perivit,
427 2280 459 2334 ut
486 2261 664 2324 Laodiceam
693 2266 825 2343 protinus

167 2364 236 2418 gem:
262 2361 294 2408 te
310 2346 342 2408 iu
362 2346 456 2425 prima
477 2344 630 2423 provincia
645 2343 723 2405 velle
742 2342 825 2420 esse,

167 2449 172 2485 :
197 2423 289 2509 quim
308 2422 436 2505 primdm
454 2422 634 2486 decederes:
657 2425 748 2503 quin,
769 2425 825 2485 nisi

167 2528 198 2589 go
226 2504 369 2570 successor
394 2503 511 2578 essem,
535 2523 624 2584 quem
648 2520 681 2563 cu
703 2524 825 2585 cuperes

167 2587 273 2662 dere,
300 2604 332 2648 ce
358 2603 470 2661 antea,
493 2584 584 2666 quim
598 2583 651 2646 tibi
670 2582 826 2647 successum

167 2667 241 2741 ier,
270 2666 451 2734 decessurum
473 2662 578 2730 fiisse:
606 2664 686 2744 quod
707 2666 826 2747 quidem

167 2769 203 2812 ut
223 2747 452 2812 consentaneum
470 2764 536 2806 cum
553 2747 586 2804 'ris
603 2746 730 2821 litteris,
795 2767 826 2806 as

167 2852 200 2913 3⁰
217 2829 326 2895 Romae
339 2847 528 2910 acceperam,
543 2844 580 2888 ex
592 2825 694 2906 quibus
706 2767 828 2909 podde-

167 2909 210 2973 sse
232 2911 306 2972 mihi
325 2910 470 2984 videbar,
495 2905 584 2988 quim
604 2906 753 2970 festinares
776 2906 831 2965 de.-

168 2994 260 3056 cdere.
299 2989 451 3073 Respondi
479 2985 600 3049 Clodio'
623 3008 671 3056 me
701 2990 741 3047 ira
771 2982 828 3048 effe

168 3072 310 3149 rdurum,
340 3091 375 3139 ac
401 3068 493 3138 multo
517 3068 637 3152 quidem
662 3068 830 3152 libentio,¹
