2184 3975
193 484 271 594 224
343 503 714 573 Errsroranurr
796 568 799 573 .

186 613 258 677 elle.
277 614 374 695 Qubd
388 615 499 693 majore
508 618 696 680 iit-varietate
708 615 878 680 versata'est

192 696 285 759 adhuc
299 715 354 761 ,tua
370 697 475 770 cause,
493 695 581 777 quim
598 698 732 760 homines
747 718 798 760 aut
809 706 880 759 svo·

191 777 312 849 lebant,
330 796 379 841 aut
389 777 596 858 opinabantur,
608 778 683 839 milri·
694 778 801 849 crede,
815 801 880 839 non.

193 855 254 932 est,
273 880 327 938 pro
344 859 426 925 malis
440 866 633 937 temporum,
652 859 733 939 quid
755 858 876 925 moleste

193 935 278 998 feras.
292 937 412 1000 Neceffe
428 937 474 998 est
491 940 590 1012 enim,
613 940 763 1002 aut-urnis
779 941 877 1020 urgeri

193 1018 405 1100 rempublicam
420 1015 599 1097 sempiternis
619 1031 709 1093 ;a·ut‚
733 1018 777 1078 his
793 1021 883 1099 pnsi2.

150 1174 153 1179 ⁴
194 1100 231 1158 tis
245 1143 255 1172 ‚
274 1101 396 1160 recreari
417 1097 573 1179 aliquando
589 1118 601 1171 ;
617 1115 665 1157 aut
686 1097 816 1160 funditus
829 1101 878 1159 in÷

194 1180 289 1243 terite.
306 1178 336 1240 Si
353 1199 431 1239 arma
443 1177 606 1251 valebunt,
621 1197 676 1243 nec
693 1198 767 1251 eos,
784 1200 802 1238 a
817 1183 883 1260 qui·

194 1258 249 1319 bus
267 1261 402 1339 reciperis
421 1304 432 1330 ,
459 1261 555 1325 vereri
578 1258 668 1324 debes
685 1268 701 1330 '3
720 1278 776 1318 nec
795 1278 878 1333 eos,

192 1360 268 1420 quos
281 1336 423 1418 adjuvisti.
434 1337 465 1401 Si
479 1339 565 1403 armis
576 1356 630 1399 eut
641 1337 813 1402 conditione

195 1421 276 1491 sitis,
294 1437 343 1481 aut
352 1419 559 1501 ,defatigatione
573 1416 710 1497 abjettir,
727 1422 822 1483 aurvi
847 1439 883 1485 ua

194 1499 401 1575 ritdeuaffis,
418 1502 519 1566 civiter
534 1499 713 1579 respiraverit
725 1499 776 1572 3&
786 1498 882 1582 digui-

196 1597 256 1642 tate
274 1579 329 1642 frui
348 1581 422 1652 tibi,-
442 1581 474 1656 ὅ(
489 1578 739 1646 ἱοὲῐωιίεΙὶεεὴίτ.,
750 1578 803 1640 Sin
815 1592 884 1644 'urm¹

197 1663 269 1722 nino
288 1663 446 1722 interierint
465 1661 588 1733 omnia,
607 1658 749 1740 fueritque
766 1663 791 1719 is
815 1661 879 1720 exi-

197 1759 263 1815 tus,
281 1762 368 1822 quem
388 1744 433 1802 vir
454 1740 691 1820 prudentissimus
712 1738 758 1798 Μ.
779 1738 880 1801 Anto-

199 1824 262 1883 nius
278 1819 337 1900 jam
354 1838 415 1880 tum
433 1820 573 1892 timebat,
592 1840 681 1900 quum
700 1824 815 1879 tantum
832 1823 880 1880 in·

198 1899 271 1969 sture
285 1901 425 1960 malorum
437 1898 628 1978 suspicabatur
639 1920 649 1972 ;
660 1897 763 1958 misera
782 1897 823 1960 est
833 1901 881 1963 illa

197 1968 513 2068 qu’gssn'r'c'onsolatim
530 1980 581 2041 tali
598 1980 752 2059 praesettim
773 1982 831 2040 civi
851 1980 883 2041 δι

199 2064 284 2131 viro,
299 2058 348 2121 sed
360 2079 456 2122 tamen
474 2056 650 2135 necessaria,
663 2061 732 2133 nilrll
744 2058 882 2201 elleprae-

202 2143 285 2220 cipue
307 2143 441 2222 cuiquam
457 2140 616 2203 dolendum
628 2142 710 2200 ineo
724 2187 733 2216 ,
746 2162 805 2223 quo
837 2162 883 2200 ac-

202 2220 278 2282 cidat
294 2224 445 2283 universis.
467 2220 546 2300 Quae
562 2224 606 2281 vis
623 2222 689 2281 insit
706 2223 736 2279 in
750 2222 796 2280 his
811 2242 882 2301 pau-

202 2304 243 2361 cis
260 2302 357 2364 verbis
375 2302 479 2382 (plura
499 2304 578 2361 enirn
598 2301 807 2361 committenda
823 2304 884 2381 epi·

202 2380 280 2441 stolae
291 2401 352 2442 non
369 2382 471 2461 erant)
491 2382 658 2442 siattendes
672 2426 681 2454 ‚
700 2382 781 2461 quod
795 2380 883 2457 facis,-

203 2462 334 2541 profetlb
346 2465 433 2523 etiam
449 2465 509 2523 sine
524 2465 596 2524 meis
610 2463 709 2524 litteris
722 2461 883 2543 intelliges,

203 2558 232 2601 te
246 2543 353 2624 aliquid
365 2543 489 2616 habere,
503 2542 584 2623 quod
597 2540 692 2621 speres
703 2561 712 2612 ;
723 2542 794 2602 nihil
804 2542 884 2623 quod

203 2641 251 2683 aut
270 2624 348 2698 hoc,
368 2642 416 2684 aut
440 2624 536 2703 aliquo
564 2622 729 2702 reipublicae
748 2619 823 2682 statu
842 2624 885 2681 ti·

204 2724 282 2763 meas
300 2725 307 2762 ι
327 2707 425 2764 omnia
443 2708 466 2762 si
482 2705 658 2774 interierint,
675 2723 763 2781 quum
786 2700 886 2781 super-

203 2783 295 2845 stitem
305 2800 333 2844 te
345 2782 400 2846 effe
413 2784 575 2864 reipublice
587 2825 596 2853 ,
613 2800 649 2839 ne
661 2825 671 2853 ,
682 2784 706 2840 si
723 2782 808 2846 liceat
820 2784 887 2861 qui·

203 2865 272 2925 dem
283 2910 293 2936 ,
304 2865 377 2926 velis
388 2910 398 2937 ‚
410 2861 559 2922 ferendam
569 2858 625 2923 effe
635 2859 800 2933 fortunam,
813 2883 888 2941 prae-

205 2944 301 3003 sertim
319 2965 383 3025 quae
403 2943 475 3002 absit
493 2962 510 2999 a
527 2940 619 3019 culpa.
640 2939 696 3000 Sed
712 2942 772 3000 haec
787 2942 889 3006 haele-

204 3040 267 3086 nus.
286 3024 334 3087 Tu
350 3022 440 3091 velim
455 3020 558 3085 scribas
578 3021 616 3083 ad
638 3041 685 3083 me
703 3022 773 3103 quid
794 3042 887 3106 agat,
