<?xml version="1.0" encoding="UTF-8"?>
<!DOCTYPE html PUBLIC "-//W3C//DTD XHTML 1.0 Transitional//EN"
    "http://www.w3.org/TR/xhtml1/DTD/xhtml1-transitional.dtd">
<html xmlns="http://www.w3.org/1999/xhtml" xml:lang="en" lang="en">
 <head>
  <title>
</title>
<meta http-equiv="Content-Type" content="text/html;charset=utf-8" />
  <meta name='ocr-system' content='tesseract 3.04.00' />
  <meta name='ocr-capabilities' content='ocr_page ocr_carea ocr_par ocr_line ocrx_word'/>
</head>
<body>
  <div class='ocr_page' id='page_1' title='image "./mtulliiciceroni07lallgoog_0098.png"; bbox 0 0 2184 3975; ppageno 0'>
   <div class='ocr_carea' id='block_1_1' title="bbox 275 476 800 592">
    <p class='ocr_par' dir='ltr' id='par_1_1' title="bbox 275 476 800 592">
     <span class='ocr_line' id='line_1_1' title="bbox 275 476 800 592; baseline -0.004 -22"><span class='ocrx_word' id='word_1_1' title='bbox 275 516 329 592; x_wconf 84' lang='lat'>90</span> <span class='ocrx_word' id='word_1_2' title='bbox 410 476 800 568; x_wconf 62' lang='lat' dir='ltr'>-Errsrorravrt</span> 
     </span>
    </p>
   </div>
   <div class='ocr_carea' id='block_1_2' title="bbox 268 607 1012 1155">
    <p class='ocr_par' dir='ltr' id='par_1_2' title="bbox 268 607 1012 1155">
     <span class='ocr_line' id='line_1_2' title="bbox 275 607 957 692; baseline 0.006 -23"><span class='ocrx_word' id='word_1_3' title='bbox 275 610 395 692; x_wconf 78' lang='lat' dir='ltr'>quidem</span> <span class='ocrx_word' id='word_1_4' title='bbox 423 610 543 672; x_wconf 82' lang='lat' dir='ltr'>homine</span> <span class='ocrx_word' id='word_1_5' title='bbox 576 613 725 672; x_wconf 89' lang='lat' dir='ltr'>neminem</span> <span class='ocrx_word' id='word_1_6' title='bbox 754 607 874 692; x_wconf 87' lang='lat' dir='ltr'>potuisti</span> <span class='ocrx_word' id='word_1_7' title='bbox 904 625 957 673; x_wconf 78' lang='lat' dir='ltr'>nec</span> 
     </span>
     <span class='ocr_line' id='line_1_3' title="bbox 275 689 959 774; baseline 0 -20"><span class='ocrx_word' id='word_1_8' title='bbox 275 692 350 754; x_wconf 85' lang='lat' dir='ltr'>mihi</span> <span class='ocrx_word' id='word_1_9' title='bbox 373 693 563 766; x_wconf 82' lang='lat' dir='ltr'>amiciorem,</span> <span class='ocrx_word' id='word_1_10' title='bbox 585 713 640 752; x_wconf 89' lang='lat' dir='ltr'>nec</span> <span class='ocrx_word' id='word_1_11' title='bbox 662 697 724 768; x_wconf 86' lang='lat' dir='ltr'>(ur</span> <span class='ocrx_word' id='word_1_12' title='bbox 742 691 864 751; x_wconf 83' lang='lat' dir='ltr'>arbitror</span> <span class='ocrx_word' id='word_1_13' title='bbox 886 689 901 774; x_wconf 94' lang='lat'><em>)</em></span> <span class='ocrx_word' id='word_1_14' title='bbox 923 689 959 754; x_wconf 90' lang='lat' dir='ltr'>ad</span> 
     </span>
     <span class='ocr_line' id='line_1_4' title="bbox 276 771 959 854; baseline -0.001 -21"><span class='ocrx_word' id='word_1_15' title='bbox 276 792 313 834; x_wconf 80' lang='lat' dir='ltr'>ea</span> <span class='ocrx_word' id='word_1_16' title='bbox 345 771 575 854; x_wconf 80' lang='lat' dir='ltr'>cognoscenda,</span> <span class='ocrx_word' id='word_1_17' title='bbox 601 792 667 854; x_wconf 79' lang='lat' dir='ltr'>quae</span> <span class='ocrx_word' id='word_1_18' title='bbox 693 771 765 832; x_wconf 79' lang='lat' dir='ltr'>scire</span> <span class='ocrx_word' id='word_1_19' title='bbox 791 773 959 849; x_wconf 83' lang='lat' dir='ltr'>volebam,</span> 
     </span>
     <span class='ocr_line' id='line_1_5' title="bbox 268 852 1012 937; baseline -0.004 -23"><span class='ocrx_word' id='word_1_20' title='bbox 268 855 445 936; x_wconf 73' lang='lat' dir='ltr'>aptiorem,</span> <span class='ocrx_word' id='word_1_21' title='bbox 469 854 726 935; x_wconf 79' lang='lat' dir='ltr'>prudentioremve</span> <span class='ocrx_word' id='word_1_22' title='bbox 747 855 874 915; x_wconf 80' lang='lat' dir='ltr'>mittere.</span> <span class='ocrx_word' id='word_1_23' title='bbox 895 852 959 937; x_wconf 83' lang='lat' dir='ltr'>Ego</span> <span class='ocrx_word' id='word_1_24' title='bbox 1005 902 1012 911; x_wconf 95' lang='lat'><em>.</em></span> 
     </span>
     <span class='ocr_line' id='line_1_6' title="bbox 271 924 1012 1016; baseline -0.004 -20"><span class='ocrx_word' id='word_1_25' title='bbox 271 953 378 996; x_wconf 68' lang='lat' dir='ltr'>autem</span> <span class='ocrx_word' id='word_1_26' title='bbox 404 934 437 992; x_wconf 72' lang='grc' dir='ltr'>ὃ(</span> <span class='ocrx_word' id='word_1_27' title='bbox 452 953 515 994; x_wconf 83' lang='lat' dir='ltr'>tuas</span> <span class='ocrx_word' id='word_1_28' title='bbox 537 935 645 994; x_wconf 82' lang='lat' dir='ltr'>litteras</span> <span class='ocrx_word' id='word_1_29' title='bbox 666 934 724 1016; x_wconf 84' lang='lat' dir='ltr'>legi</span> <span class='ocrx_word' id='word_1_30' title='bbox 748 924 903 1009; x_wconf 77' lang='lat' dir='ltr'>libenter,</span> <span class='ocrx_word' id='word_1_31' title='bbox 931 934 960 996; x_wconf 70' lang='grc' dir='ltr'>ὃ(</span> <span class='ocrx_word' id='word_1_32' title='bbox 1005 934 1012 993; x_wconf 75' lang='grc' dir='ltr'>’ἱ</span> 
     </span>
     <span class='ocr_line' id='line_1_7' title="bbox 277 1012 959 1155; baseline 0 -79"><span class='ocrx_word' id='word_1_33' title='bbox 277 1015 377 1076; x_wconf 85' lang='lat' dir='ltr'>audivi</span> <span class='ocrx_word' id='word_1_34' title='bbox 392 1013 534 1074; x_wconf 82' lang='lat' dir='ltr'>Lucilium</span> <span class='ocrx_word' id='word_1_35' title='bbox 545 1015 708 1155; x_wconf 66' lang='lat' dir='ltr'>dilipenter.</span> <span class='ocrx_word' id='word_1_36' title='bbox 721 1012 808 1075; x_wconf 87' lang='lat' dir='ltr'>Nunc</span> <span class='ocrx_word' id='word_1_37' title='bbox 821 1018 959 1097; x_wconf 85' lang='lat' dir='ltr'>quoniam</span> 
     </span>
    </p>
   </div>
   <div class='ocr_carea' id='block_1_3' title="bbox 233 1088 1012 3132">
    <p class='ocr_par' dir='ltr' id='par_1_3' title="bbox 233 1088 1012 3132">
     <span class='ocr_line' id='line_1_8' title="bbox 279 1088 1012 1178; baseline 0 -20"><span class='ocrx_word' id='word_1_38' title='bbox 279 1096 314 1158; x_wconf 69' lang='grc' dir='ltr'>ὃ(</span> <span class='ocrx_word' id='word_1_39' title='bbox 341 1113 371 1156; x_wconf 85' lang='lat' dir='ltr'>tu</span> <span class='ocrx_word' id='word_1_40' title='bbox 393 1097 434 1154; x_wconf 83' lang='lat' dir='ltr'>ita</span> <span class='ocrx_word' id='word_1_41' title='bbox 456 1093 577 1176; x_wconf 85' lang='lat' dir='ltr'>semis(</span> <span class='ocrx_word' id='word_1_42' title='bbox 610 1097 694 1156; x_wconf 87' lang='lat' dir='ltr'>cribis</span> <span class='ocrx_word' id='word_1_43' title='bbox 718 1098 819 1170; x_wconf 82' lang='lat' dir='ltr'>enirn,</span> <span class='ocrx_word' id='word_1_44' title='bbox 844 1118 909 1178; x_wconf 84' lang='lat' dir='ltr'>quae</span> <span class='ocrx_word' id='word_1_45' title='bbox 925 1096 961 1158; x_wconf 88' lang='lat' dir='ltr'>de</span> <span class='ocrx_word' id='word_1_46' title='bbox 1006 1088 1012 1129; x_wconf 60' lang='lat'><strong>⁴</strong></span> 
     </span>
     <span class='ocr_line' id='line_1_9' title="bbox 277 1172 961 1258; baseline -0.001 -19"><span class='ocrx_word' id='word_1_47' title='bbox 277 1174 380 1239; x_wconf 85' lang='lat' dir='ltr'>nostris</span> <span class='ocrx_word' id='word_1_48' title='bbox 400 1172 503 1236; x_wconf 85' lang='lat' dir='ltr'>officiis</span> <span class='ocrx_word' id='word_1_49' title='bbox 520 1195 578 1258; x_wconf 86' lang='lat' dir='ltr'>ego</span> <span class='ocrx_word' id='word_1_50' title='bbox 591 1177 637 1255; x_wconf 87' lang='lat' dir='ltr'>ad</span> <span class='ocrx_word' id='word_1_51' title='bbox 652 1193 683 1238; x_wconf 85' lang='lat' dir='ltr'>te</span> <span class='ocrx_word' id='word_1_52' title='bbox 705 1175 864 1256; x_wconf 75' lang='lat' dir='ltr'>scripserim</span> <span class='ocrx_word' id='word_1_53' title='bbox 879 1221 890 1252; x_wconf 90' lang='lat'>,</span> <span class='ocrx_word' id='word_1_54' title='bbox 908 1179 961 1238; x_wconf 83' lang='lat' dir='ltr'>etsi</span> 
     </span>
     <span class='ocr_line' id='line_1_10' title="bbox 281 1255 1012 1336; baseline 0.001 -18"><span class='ocrx_word' id='word_1_55' title='bbox 281 1259 335 1319; x_wconf 84' lang='lat' dir='ltr'>tibi</span> <span class='ocrx_word' id='word_1_56' title='bbox 365 1255 491 1336; x_wconf 84' lang='lat' dir='ltr'>jucunda</span> <span class='ocrx_word' id='word_1_57' title='bbox 520 1256 655 1330; x_wconf 82' lang='lat' dir='ltr'>fuerint,</span> <span class='ocrx_word' id='word_1_58' title='bbox 683 1271 803 1331; x_wconf 84' lang='lat' dir='ltr'>tamen,</span> <span class='ocrx_word' id='word_1_59' title='bbox 866 1259 962 1319; x_wconf 82' lang='lat' dir='ltr'>oniam</span> <span class='ocrx_word' id='word_1_60' title='bbox 1005 1260 1012 1275; x_wconf 72' lang='grc'>“’</span> 
     </span>
     <span class='ocr_line' id='line_1_11' title="bbox 280 1279 961 1418; baseline 0.001 -18"><span class='ocrx_word' id='word_1_61' title='bbox 280 1359 318 1400; x_wconf 84' lang='lat' dir='ltr'>ex</span> <span class='ocrx_word' id='word_1_62' title='bbox 343 1338 546 1418; x_wconf 82' lang='lat' dir='ltr'>alto&#39;repetita</span> <span class='ocrx_word' id='word_1_63' title='bbox 567 1341 649 1412; x_wconf 86' lang='lat' dir='ltr'>sint,</span> <span class='ocrx_word' id='word_1_64' title='bbox 679 1358 740 1405; x_wconf 83' lang='lat' dir='ltr'>non</span> <span class='ocrx_word' id='word_1_65' title='bbox 759 1279 915 1400; x_wconf 61' lang='lat' dir='ltr'>neceddaria</span> <span class='ocrx_word' id='word_1_66' title='bbox 933 1342 961 1401; x_wconf 79' lang='lat' dir='ltr'>&#39;te</span> 
     </span>
     <span class='ocr_line' id='line_1_12' title="bbox 303 1417 1012 1560; baseline -0.001 -80"><span class='ocrx_word' id='word_1_67' title='bbox 303 1417 418 1560; x_wconf 62' lang='lat' dir='ltr'>master)</span> <span class='ocrx_word' id='word_1_68' title='bbox 440 1420 472 1480; x_wconf 89' lang='lat'>&amp;</span> <span class='ocrx_word' id='word_1_69' title='bbox 493 1439 613 1494; x_wconf 86' lang='lat' dir='ltr'>revera,</span> <span class='ocrx_word' id='word_1_70' title='bbox 628 1418 800 1479; x_wconf 63' lang='lat' dir='ltr'>confirmati</span> <span class='ocrx_word' id='word_1_71' title='bbox 816 1420 961 1494; x_wconf 72' lang='lat' dir='ltr'>amicitiai,</span> <span class='ocrx_word' id='word_1_72' title='bbox 1011 1428 1012 1457; x_wconf 71' lang='lat'><em>³</em></span> 
     </span>
     <span class='ocr_line' id='line_1_13' title="bbox 342 1498 964 1581; baseline 0 -20"><span class='ocrx_word' id='word_1_73' title='bbox 342 1521 394 1581; x_wconf 90' lang='lat' dir='ltr'>per</span> <span class='ocrx_word' id='word_1_74' title='bbox 408 1499 491 1581; x_wconf 70' lang='lat' dir='ltr'>pecta</span> <span class='ocrx_word' id='word_1_75' title='bbox 517 1498 604 1575; x_wconf 85' lang='lat' dir='ltr'>fide,</span> <span class='ocrx_word' id='word_1_76' title='bbox 628 1503 870 1561; x_wconf 82' lang='lat' dir='ltr'>commemoratio</span> <span class='ocrx_word' id='word_1_77' title='bbox 891 1499 964 1561; x_wconf 84' lang='lat' dir='ltr'>offi-</span> 
     </span>
     <span class='ocr_line' id='line_1_14' title="bbox 284 1580 1012 1664; baseline 0.003 -24"><span class='ocrx_word' id='word_1_78' title='bbox 284 1585 395 1642; x_wconf 84' lang='lat' dir='ltr'>ciorum</span> <span class='ocrx_word' id='word_1_79' title='bbox 423 1581 633 1661; x_wconf 87' lang='lat' dir='ltr'>supervacanea</span> <span class='ocrx_word' id='word_1_80' title='bbox 658 1580 728 1654; x_wconf 91' lang='lat' dir='ltr'>est;</span> <span class='ocrx_word' id='word_1_81' title='bbox 757 1597 823 1641; x_wconf 82' lang='lat' dir='ltr'>earn</span> <span class='ocrx_word' id='word_1_82' title='bbox 851 1600 963 1664; x_wconf 86' lang='lat' dir='ltr'>partem</span> <span class='ocrx_word' id='word_1_83' title='bbox 1002 1590 1012 1621; x_wconf 74' lang='lat'>‘³</span> 
     </span>
     <span class='ocr_line' id='line_1_15' title="bbox 282 1662 1012 1745; baseline -0.001 -21"><span class='ocrx_word' id='word_1_84' title='bbox 282 1664 421 1724; x_wconf 87' lang='lat' dir='ltr'>orationis</span> <span class='ocrx_word' id='word_1_85' title='bbox 434 1666 666 1742; x_wconf 73' lang='lat' dir='ltr'>praetermittam:</span> <span class='ocrx_word' id='word_1_86' title='bbox 680 1662 733 1722; x_wconf 86' lang='lat' dir='ltr'>tibi</span> <span class='ocrx_word' id='word_1_87' title='bbox 746 1680 846 1723; x_wconf 83' lang='lat' dir='ltr'>tamen</span> <span class='ocrx_word' id='word_1_88' title='bbox 862 1684 964 1745; x_wconf 83' lang='lat' dir='ltr'>agam,</span> <span class='ocrx_word' id='word_1_89' title='bbox 1005 1696 1012 1703; x_wconf 93' lang='lat'>-</span> 
     </span>
     <span class='ocr_line' id='line_1_16' title="bbox 283 1742 1012 1826; baseline -0.003 -21"><span class='ocrx_word' id='word_1_90' title='bbox 283 1760 316 1805; x_wconf 88' lang='lat' dir='ltr'>ut</span> <span class='ocrx_word' id='word_1_91' title='bbox 338 1744 462 1817; x_wconf 89' lang='lat' dir='ltr'>debeo,</span> <span class='ocrx_word' id='word_1_92' title='bbox 489 1747 601 1826; x_wconf 86' lang='lat' dir='ltr'>gratias.</span> <span class='ocrx_word' id='word_1_93' title='bbox 631 1742 836 1804; x_wconf 83' lang='lat' dir='ltr'>Animadverti</span> <span class='ocrx_word' id='word_1_94' title='bbox 857 1746 965 1818; x_wconf 83' lang='lat' dir='ltr'>enirn,</span> <span class='ocrx_word' id='word_1_95' title='bbox 1006 1750 1012 1815; x_wconf 71' lang='grc' dir='ltr'><em>ξ</em></span> 
     </span>
     <span class='ocr_line' id='line_1_17' title="bbox 284 1823 1012 1899; baseline -0.003 -13"><span class='ocrx_word' id='word_1_96' title='bbox 284 1823 424 1886; x_wconf 87' lang='lat' dir='ltr'>&amp;didici</span> <span class='ocrx_word' id='word_1_97' title='bbox 448 1844 484 1884; x_wconf 84' lang='lat' dir='ltr'>ex</span> <span class='ocrx_word' id='word_1_98' title='bbox 506 1827 562 1884; x_wconf 87' lang='lat' dir='ltr'>tuis</span> <span class='ocrx_word' id='word_1_99' title='bbox 580 1825 707 1899; x_wconf 86' lang='lat' dir='ltr'>litteris,</span> <span class='ocrx_word' id='word_1_100' title='bbox 732 1841 762 1885; x_wconf 81' lang='lat' dir='ltr'>te</span> <span class='ocrx_word' id='word_1_101' title='bbox 781 1825 917 1886; x_wconf 86' lang='lat' dir='ltr'>omnibus</span> <span class='ocrx_word' id='word_1_102' title='bbox 935 1827 966 1884; x_wconf 79' lang='lat' dir='ltr'>iu</span> <span class='ocrx_word' id='word_1_103' title='bbox 1009 1830 1012 1853; x_wconf 81' lang='lat'>³</span> 
     </span>
     <span class='ocr_line' id='line_1_18' title="bbox 272 1901 1012 1980; baseline -0.005 -15"><span class='ocrx_word' id='word_1_104' title='bbox 272 1903 370 1965; x_wconf 85' lang='lat' dir='ltr'>-rebus</span> <span class='ocrx_word' id='word_1_105' title='bbox 387 1901 511 1965; x_wconf 85' lang='lat' dir='ltr'>habuisse</span> <span class='ocrx_word' id='word_1_106' title='bbox 530 1907 691 1980; x_wconf 87' lang='lat' dir='ltr'>rationem,</span> <span class='ocrx_word' id='word_1_107' title='bbox 704 1924 737 1966; x_wconf 82' lang='lat' dir='ltr'>ut</span> <span class='ocrx_word' id='word_1_108' title='bbox 753 1906 824 1965; x_wconf 89' lang='lat' dir='ltr'>mihi</span> <span class='ocrx_word' id='word_1_109' title='bbox 837 1904 967 1967; x_wconf 65' lang='lat' dir='ltr'>consule</span> <span class='ocrx_word' id='word_1_110' title='bbox 1000 1913 1012 1961; x_wconf 77' lang='lat'>.³</span> 
     </span>
     <span class='ocr_line' id='line_1_19' title="bbox 281 1983 1012 2070; baseline -0.003 -21"><span class='ocrx_word' id='word_1_111' title='bbox 281 2004 356 2061; x_wconf 75' lang='lat' dir='ltr'>res,</span> <span class='ocrx_word' id='word_1_112' title='bbox 382 1983 601 2069; x_wconf 86' lang='lat' dir='ltr'>restitueresque</span> <span class='ocrx_word' id='word_1_113' title='bbox 632 1988 665 2048; x_wconf 89' lang='lat'>&amp;</span> <span class='ocrx_word' id='word_1_114' title='bbox 692 2007 866 2070; x_wconf 81' lang='lat' dir='ltr'>praeparares</span> <span class='ocrx_word' id='word_1_115' title='bbox 928 2009 968 2047; x_wconf 86' lang='lat' dir='ltr'>o·</span> <span class='ocrx_word' id='word_1_116' title='bbox 1003 1995 1012 2034; x_wconf 65' lang='grc' dir='ltr'><strong><em>Ε</em></strong></span> 
     </span>
     <span class='ocr_line' id='line_1_20' title="bbox 285 2067 1012 2155; baseline 0.014 -26"><span class='ocrx_word' id='word_1_117' title='bbox 285 2067 446 2130; x_wconf 84' lang='lat' dir='ltr'>dammodo</span> <span class='ocrx_word' id='word_1_118' title='bbox 473 2072 601 2144; x_wconf 87' lang='lat' dir='ltr'>omnia,</span> <span class='ocrx_word' id='word_1_119' title='bbox 628 2070 688 2155; x_wconf 79' lang='lat' dir='ltr'>qub</span> <span class='ocrx_word' id='word_1_120' title='bbox 713 2090 780 2134; x_wconf 83' lang='lat' dir='ltr'>mea</span> <span class='ocrx_word' id='word_1_121' title='bbox 797 2071 871 2137; x_wconf 83' lang='lat' dir='ltr'>ratio</span> <span class='ocrx_word' id='word_1_122' title='bbox 922 2070 967 2136; x_wconf 71' lang='lat' dir='ltr'>&lt;i-</span> <span class='ocrx_word' id='word_1_123' title='bbox 1004 2077 1012 2112; x_wconf 81' lang='lat'>²</span> 
     </span>
     <span class='ocr_line' id='line_1_21' title="bbox 275 2150 1012 2237; baseline 0 -19"><span class='ocrx_word' id='word_1_124' title='bbox 275 2150 341 2224; x_wconf 79' lang='lat' dir='ltr'>¹lior</span> <span class='ocrx_word' id='word_1_125' title='bbox 365 2153 398 2215; x_wconf 87' lang='lat'>&amp;</span> <span class='ocrx_word' id='word_1_126' title='bbox 427 2151 551 2215; x_wconf 89' lang='lat' dir='ltr'>solutior.</span> <span class='ocrx_word' id='word_1_127' title='bbox 572 2150 630 2215; x_wconf 78' lang='lat' dir='ltr'>effe</span> <span class='ocrx_word' id='word_1_128' title='bbox 653 2154 754 2237; x_wconf 82' lang='lat' dir='ltr'>poffet.</span> <span class='ocrx_word' id='word_1_129' title='bbox 786 2155 855 2217; x_wconf 90' lang='lat' dir='ltr'>Hoc</span> <span class='ocrx_word' id='word_1_130' title='bbox 885 2172 966 2218; x_wconf 80' lang='lat' dir='ltr'>tirum</span> <span class='ocrx_word' id='word_1_131' title='bbox 1004 2161 1012 2202; x_wconf 87' lang='lat'><strong>¹</strong></span> 
     </span>
     <span class='ocr_line' id='line_1_22' title="bbox 284 2234 1012 2319; baseline 0.003 -22"><span class='ocrx_word' id='word_1_132' title='bbox 284 2234 414 2297; x_wconf 88' lang='lat' dir='ltr'>officium</span> <span class='ocrx_word' id='word_1_133' title='bbox 434 2257 524 2317; x_wconf 90' lang='lat' dir='ltr'>quum</span> <span class='ocrx_word' id='word_1_134' title='bbox 548 2236 618 2295; x_wconf 90' lang='lat' dir='ltr'>mihi</span> <span class='ocrx_word' id='word_1_135' title='bbox 640 2238 830 2319; x_wconf 82' lang='lat' dir='ltr'>gratissimum</span> <span class='ocrx_word' id='word_1_136' title='bbox 848 2234 907 2299; x_wconf 79' lang='lat' dir='ltr'>effe</span> <span class='ocrx_word' id='word_1_137' title='bbox 928 2238 970 2298; x_wconf 89' lang='lat' dir='ltr'>di·</span> <span class='ocrx_word' id='word_1_138' title='bbox 1003 2245 1012 2282; x_wconf 64' lang='grc' dir='ltr'><strong><em>ἲ</em></strong></span> 
     </span>
     <span class='ocr_line' id='line_1_23' title="bbox 285 2316 1012 2398; baseline 0.006 -20"><span class='ocrx_word' id='word_1_139' title='bbox 285 2339 372 2391; x_wconf 86' lang='lat' dir='ltr'>cam,</span> <span class='ocrx_word' id='word_1_140' title='bbox 393 2316 518 2398; x_wconf 86' lang='lat' dir='ltr'>sequitur</span> <span class='ocrx_word' id='word_1_141' title='bbox 533 2317 625 2391; x_wconf 88' lang='lat' dir='ltr'>illud,</span> <span class='ocrx_word' id='word_1_142' title='bbox 642 2336 673 2380; x_wconf 93' lang='lat' dir='ltr'>ut</span> <span class='ocrx_word' id='word_1_143' title='bbox 691 2335 721 2379; x_wconf 88' lang='lat' dir='ltr'>te</span> <span class='ocrx_word' id='word_1_144' title='bbox 738 2318 898 2381; x_wconf 81' lang='lat' dir='ltr'>existimare</span> <span class='ocrx_word' id='word_1_145' title='bbox 917 2339 971 2382; x_wconf 84' lang='lat' dir='ltr'>ve·</span> <span class='ocrx_word' id='word_1_146' title='bbox 1003 2329 1012 2366; x_wconf 77' lang='lat'>²</span> 
     </span>
     <span class='ocr_line' id='line_1_24' title="bbox 285 2397 1010 2481; baseline 0.003 -21"><span class='ocrx_word' id='word_1_147' title='bbox 285 2399 337 2461; x_wconf 89' lang='lat' dir='ltr'>lim</span> <span class='ocrx_word' id='word_1_148' title='bbox 358 2399 428 2457; x_wconf 89' lang='lat' dir='ltr'>mihi</span> <span class='ocrx_word' id='word_1_149' title='bbox 448 2417 561 2479; x_wconf 83' lang='lat' dir='ltr'>magnae</span> <span class='ocrx_word' id='word_1_150' title='bbox 585 2417 660 2457; x_wconf 77' lang='lat' dir='ltr'>&#39;curae</span> <span class='ocrx_word' id='word_1_151' title='bbox 682 2397 770 2472; x_wconf 86' lang='lat' dir='ltr'>fore,</span> <span class='ocrx_word' id='word_1_152' title='bbox 802 2415 890 2481; x_wconf 86' lang='lat' dir='ltr'>atque</span> <span class='ocrx_word' id='word_1_153' title='bbox 911 2398 969 2463; x_wconf 81' lang='lat' dir='ltr'>effe</span> <span class='ocrx_word' id='word_1_154' title='bbox 1003 2405 1010 2448; x_wconf 71' lang='lat'><em>¹</em></span> 
     </span>
     <span class='ocr_line' id='line_1_25' title="bbox 284 2477 971 2561; baseline 0.005 -23"><span class='ocrx_word' id='word_1_155' title='bbox 284 2477 366 2561; x_wconf 81' lang='lat' dir='ltr'>jam,</span> <span class='ocrx_word' id='word_1_156' title='bbox 386 2481 511 2559; x_wconf 84' lang='lat' dir='ltr'>primirm</span> <span class='ocrx_word' id='word_1_157' title='bbox 529 2497 562 2539; x_wconf 92' lang='lat' dir='ltr'>ut</span> <span class='ocrx_word' id='word_1_158' title='bbox 578 2478 639 2559; x_wconf 90' lang='lat' dir='ltr'>ipse</span> <span class='ocrx_word' id='word_1_159' title='bbox 656 2497 708 2553; x_wconf 90' lang='lat' dir='ltr'>tu,</span> <span class='ocrx_word' id='word_1_160' title='bbox 727 2483 827 2560; x_wconf 87' lang='lat' dir='ltr'>tuique</span> <span class='ocrx_word' id='word_1_161' title='bbox 841 2501 971 2558; x_wconf 90' lang='lat' dir='ltr'>omnes,</span> 
     </span>
     <span class='ocr_line' id='line_1_26' title="bbox 286 2560 1012 2641; baseline 0.004 -20"><span class='ocrx_word' id='word_1_162' title='bbox 286 2561 393 2621; x_wconf 89' lang='lat' dir='ltr'>deinde</span> <span class='ocrx_word' id='word_1_163' title='bbox 412 2578 444 2621; x_wconf 89' lang='lat' dir='ltr'>ut</span> <span class='ocrx_word' id='word_1_164' title='bbox 461 2562 549 2621; x_wconf 87' lang='lat' dir='ltr'>etiam</span> <span class='ocrx_word' id='word_1_165' title='bbox 564 2562 666 2641; x_wconf 79' lang='lat' dir='ltr'>reliqui</span> <span class='ocrx_word' id='word_1_166' title='bbox 683 2560 753 2621; x_wconf 88' lang='lat' dir='ltr'>scire</span> <span class='ocrx_word' id='word_1_167' title='bbox 771 2564 906 2641; x_wconf 79' lang='lat' dir='ltr'>possint,</span> <span class='ocrx_word' id='word_1_168' title='bbox 921 2581 972 2624; x_wconf 85' lang='lat' dir='ltr'>me</span> <span class='ocrx_word' id='word_1_169' title='bbox 1003 2573 1012 2612; x_wconf 87' lang='grc' dir='ltr'>Ι</span> 
     </span>
     <span class='ocr_line' id='line_1_27' title="bbox 277 2639 1012 2723; baseline 0.011 -23"><span class='ocrx_word' id='word_1_170' title='bbox 277 2641 339 2701; x_wconf 73' lang='lat' dir='ltr'>‚tibi</span> <span class='ocrx_word' id='word_1_171' title='bbox 355 2639 412 2702; x_wconf 81' lang='lat' dir='ltr'>esse</span> <span class='ocrx_word' id='word_1_172' title='bbox 423 2644 637 2702; x_wconf 86' lang='lat' dir='ltr'>amicissimum.</span> <span class='ocrx_word' id='word_1_173' title='bbox 651 2640 747 2720; x_wconf 88' lang='lat' dir='ltr'>Quod</span> <span class='ocrx_word' id='word_1_174' title='bbox 758 2641 861 2723; x_wconf 79' lang='lat' dir='ltr'>quibus</span> <span class='ocrx_word' id='word_1_175' title='bbox 874 2643 969 2704; x_wconf 83' lang='lat' dir='ltr'>adhuc</span> <span class='ocrx_word' id='word_1_176' title='bbox 1005 2681 1012 2708; x_wconf 91' lang='lat'>·.</span> 
     </span>
     <span class='ocr_line' id='line_1_28' title="bbox 233 2720 1012 2802; baseline 0 -17"><span class='ocrx_word' id='word_1_177' title='bbox 233 2790 234 2793; x_wconf 8' lang='grc' dir='ltr'><strong>Ἴ</strong></span> <span class='ocrx_word' id='word_1_178' title='bbox 287 2722 432 2785; x_wconf 87' lang='lat' dir='ltr'>nonsatis</span> <span class='ocrx_word' id='word_1_179' title='bbox 455 2721 495 2783; x_wconf 87' lang='lat' dir='ltr'>est</span> <span class='ocrx_word' id='word_1_180' title='bbox 517 2720 725 2802; x_wconf 71' lang='lat' dir='ltr'>perspedium‚</span> <span class='ocrx_word' id='word_1_181' title='bbox 756 2723 867 2783; x_wconf 82' lang='lat' dir='ltr'>iimihi</span> <span class='ocrx_word' id='word_1_182' title='bbox 887 2723 971 2785; x_wconf 87' lang='lat' dir='ltr'>nolle</span> <span class='ocrx_word' id='word_1_183' title='bbox 1003 2735 1012 2778; x_wconf 69' lang='grc' dir='ltr'><strong>Ξ</strong></span> 
     </span>
     <span class='ocr_line' id='line_1_29' title="bbox 288 2800 1012 2886; baseline 0 -20"><span class='ocrx_word' id='word_1_184' title='bbox 288 2806 379 2886; x_wconf 85' lang='lat' dir='ltr'>magis</span> <span class='ocrx_word' id='word_1_185' title='bbox 407 2825 462 2863; x_wconf 86' lang='lat' dir='ltr'>nos</span> <span class='ocrx_word' id='word_1_186' title='bbox 490 2804 548 2862; x_wconf 90' lang='lat' dir='ltr'>hoc</span> <span class='ocrx_word' id='word_1_187' title='bbox 574 2805 670 2861; x_wconf 88' lang='lat' dir='ltr'>animo</span> <span class='ocrx_word' id='word_1_188' title='bbox 693 2800 772 2876; x_wconf 81' lang='lat' dir='ltr'>effe,</span> <span class='ocrx_word' id='word_1_189' title='bbox 818 2804 887 2864; x_wconf 64' lang='lat' dir='ltr'>uim</span> <span class='ocrx_word' id='word_1_190' title='bbox 908 2819 973 2868; x_wconf 82' lang='lat' dir='ltr'>nou</span> <span class='ocrx_word' id='word_1_191' title='bbox 1003 2819 1012 2858; x_wconf 72' lang='grc' dir='ltr'>ἰ</span> 
     </span>
     <span class='ocr_line' id='line_1_30' title="bbox 287 2825 1012 2970; baseline -0.012 -21"><span class='ocrx_word' id='word_1_192' title='bbox 287 2886 449 2970; x_wconf 80' lang='lat' dir='ltr'>intelligere</span> <span class='ocrx_word' id='word_1_193' title='bbox 467 2883 611 2945; x_wconf 76' lang='lat' dir='ltr'>videntur.</span> <span class='ocrx_word' id='word_1_194' title='bbox 633 2881 690 2943; x_wconf 88' lang='lat' dir='ltr'>Sed</span> <span class='ocrx_word' id='word_1_195' title='bbox 708 2825 841 2964; x_wconf 67' lang='lat' dir='ltr'>profedb</span> <span class='ocrx_word' id='word_1_196' title='bbox 860 2886 973 2946; x_wconf 74' lang='lat' dir='ltr'>intelli·</span> <span class='ocrx_word' id='word_1_197' title='bbox 1003 2901 1012 2940; x_wconf 81' lang='lat' dir='ltr'>r</span> 
     </span>
     <span class='ocr_line' id='line_1_31' title="bbox 289 2964 1012 3048; baseline -0.007 -21"><span class='ocrx_word' id='word_1_198' title='bbox 289 2984 379 3048; x_wconf 82' lang='lat' dir='ltr'>gent3</span> <span class='ocrx_word' id='word_1_199' title='bbox 400 2984 493 3045; x_wconf 87' lang='lat' dir='ltr'>neque</span> <span class='ocrx_word' id='word_1_200' title='bbox 512 2966 589 3024; x_wconf 83' lang='lat' dir='ltr'>enirn</span> <span class='ocrx_word' id='word_1_201' title='bbox 610 2964 735 3025; x_wconf 86' lang='lat' dir='ltr'>obscuris</span> <span class='ocrx_word' id='word_1_202' title='bbox 753 2964 900 3046; x_wconf 89' lang='lat' dir='ltr'>personis,</span> <span class='ocrx_word' id='word_1_203' title='bbox 913 2986 982 3027; x_wconf 83' lang='lat' dir='ltr'>nec.</span> <span class='ocrx_word' id='word_1_204' title='bbox 1002 2983 1012 3022; x_wconf 81' lang='lat' dir='ltr'>r</span> 
     </span>
     <span class='ocr_line' id='line_1_32' title="bbox 288 3044 1012 3132; baseline 0.001 -24"><span class='ocrx_word' id='word_1_205' title='bbox 288 3051 385 3128; x_wconf 85' lang='lat' dir='ltr'>parvis</span> <span class='ocrx_word' id='word_1_206' title='bbox 401 3051 431 3108; x_wconf 87' lang='lat' dir='ltr'>in</span> <span class='ocrx_word' id='word_1_207' title='bbox 449 3048 541 3105; x_wconf 86' lang='lat' dir='ltr'>causis</span> <span class='ocrx_word' id='word_1_208' title='bbox 561 3064 606 3105; x_wconf 84' lang='lat' dir='ltr'>res</span> <span class='ocrx_word' id='word_1_209' title='bbox 626 3062 736 3132; x_wconf 81' lang='lat' dir='ltr'>agetur.</span> <span class='ocrx_word' id='word_1_210' title='bbox 753 3046 813 3107; x_wconf 89' lang='lat' dir='ltr'>Sed</span> <span class='ocrx_word' id='word_1_211' title='bbox 829 3046 892 3107; x_wconf 84' lang='lat' dir='ltr'>haec</span> <span class='ocrx_word' id='word_1_212' title='bbox 910 3044 975 3110; x_wconf 82' lang='lat' dir='ltr'>fieri</span> <span class='ocrx_word' id='word_1_213' title='bbox 1006 3069 1012 3100; x_wconf 52' lang='grc' dir='ltr'>-Ι</span> 
     </span>
    </p>
   </div>
   <div class='ocr_carea' id='block_1_4' title="bbox 0 0 1113 3975">
    <p class='ocr_par' dir='ltr' id='par_1_4' title="bbox 0 0 1113 3975">
     <span class='ocr_line' id='line_1_33' title="bbox 0 0 1113 3975; baseline 0 0"><span class='ocrx_word' id='word_1_214' title='bbox 0 0 1113 3975; x_wconf 95' lang='lat' dir='ltr'> </span> 
     </span>
    </p>
   </div>
  </div>
 </body>
</html>
