2184 3975
181 490 258 570 372
330 449 709 556 Errrromu-lrr
748 446 756 511 1

175 587 263 646 'done
289 585 319 646 se
347 586 383 644 ab
410 584 459 645 illa
486 580 601 642 miseria·
624 583 741 663 eripere
764 582 864 665 pollet.

177 664 292 727 ‘Eadem
311 664 394 726 causa
407 664 469 725 fere
487 661 528 723 est
543 661 590 722 M.
610 659 704 723 Planii
722 664 861 738 Heredis,

181 748 233 828 qui
252 744 294 808 est
316 749 388 806 item
407 743 534 806 Calenus
554 788 564 816 ,
587 740 689 823 leprae
712 743 802 805 nostri
821 745 860 804 fa·

182 827 402 888 miliarissimus.
424 823 529 886 Hoste
541 824 628 904 igitur
651 823 742 885 ambo
760 826 813 886 tibi
825 829 863 886 sic

183 908 386 980 commendo,
400 924 432 967 ut
447 902 558 984 majore
575 903 665 979 curd,
682 903 780 966 ssudro
790 951 800 980 ,
812 904 861 966 sol-

181 988 332 1048 licitudine
361 989 449 1047 animi
476 983 688 1046 commendare·
708 992 779 1046 non'
798 1007 863 1067 pos»

185 1070 251 1129 sim.
269 1069 351 1132 Volo
369 1065 497 1148 ipsorum
517 1064 603 1125 cause
621 1082 631 1134 ;
662 1069 815 1146 meque-in
828 1087 863 1128 eo

184 1147 376 1209 vehementer
391 1147 564 1209 &amicitia
580 1163 703 1220 movet,
718 1147 753 1206 δι
769 1146 863 1208 huma·

183 1231 268 1289 nitas.
289 1228 386 1310 Lepte
401 1227 476 1288 verb
495 1247 586 1307 quum
606 1227 647 1286 ira
664 1226 808 1302 laboret,
835 1244 864 1287 ut

184 1307 249 1386 ejus
267 1306 392 1371 fortuna
414 1309 568 1369 videantur
586 1307 620 1366 in·
638 1305 793 1368 discrimen
810 1328 863 1369 ve-

185 1392 272 1461 nire;
297 1410 356 1451 non
399 1386 490 1449 ollum
511 1408 594 1469 ego,
616 1407 678 1447 non
701 1404 752 1448 aut
770 1392 866 1469 proxi·

186 1471 237 1531 me
255 1489 341 1552 aeque
361 1412 433 1546 ille,
451 1488 499 1529 aut
517 1471 604 1529 etiarn
622 1469 710 1548 aeque.
725 1468 870 1531 laborare.

186 1549 409 1632 Quapropter,
440 1553 494 1611 etsi
519 1548 594 1630 saepe
615 1567 755 1628 expertus
779 1549 837 1609 sum
854 1594 871 1624 ‚.

184 1648 325 1712 qnantum
355 1652 403 1692 me
431 1649 570 1705 amares,
597 1647 707 1690 tamen·
716 1632 759 1690 sic
778 1632 883 1691 velim'

185 1713 239 1774 tibi
257 1712 449 1793 persuadeas,
464 1712 494 1770 id
512 1729 561 1770 me
574 1711 610 1769 in·
619 1709 674 1770 hae
691 1730 732 1771 re·
742 1714 872 1771 maxime

185 1791 388 1873 iudicamrum.
411 1793 484 1854 Pero
504 1794 588 1874 igitur
613 1807 711 1864 ate,
738 1792 817 1867 vel,
844 1794 872 1851 si

179 1894 294 2019 mne
313 1919 327 1949 ,
346 1897 403 1935 oro
419 1920 432 1947 ‚
455 1884 491 1933 n
508 1873 643 1932 homines
665 1871 787 1932 miserus
803 1917 819 1946 ‚.
836 1873 871 1932 ἃ.

256 1956 325 2030 md,
347 1976 434 2038 quam
450 1956 540 2016 vitare
559 1971 648 2013 nemo
664 1949 782 2034 potest,
803 1975 867 2015 rna·

189 2042 234 2122 gis
257 2038 346 2118 quim
363 2039 449 2118 culpi
471 2032 682 2106 calamitosos,
711 2034 866 2096 conserves

187 2120 382 2191 ineolumes3
412 2116 540 2199 velisque
566 2135 619 2195 per
650 2133 710 2188 te‚.
729 2135 778 2175 me
811 2116 865 2177 hoc

186 2201 315 2260 muneris
341 2218 429 2275 quum
457 2199 534 2274 ipsis-
550 2198 646 2256 amicis
676 2195 866 2271 hominibus,

186 2297 250 2340 uum
262 2277 420 2354 municipio
434 2273 564 2350 Caleno,
582 2297 715 2356 quocum·
723 2278 797 2337 mihi
809 2297 868 2337 ma·

184 2376 243 2437 gm
260 2355 444 2416 necessitudo
466 2353 528 2432 est,
553 2376 615 2416 tum
633 2356 758 2437 Leptae‚
781 2378 865 2438 quem

180 2434 321 2495 omibus
341 2453 514 2516 antepono,
532 2438 610 2498 dare.
629 2436 722 2516 Quod
741 2438 863 2499 didlurus

183 2512 274 2587 sunr,
302 2535 374 2596 puto
400 2518 538 2599 equidem
558 2540 619 2578 non
637 2517 785 2579 valde-ad
805 2538 865 2579 rem

181 2597 349 2674 pertinere,
370 2597 423 2658 sed·
435 2614 533 2659 tamen
554 2600 625 2658 nihil
643 2596 724 2659 obell
743 2600 864 2661 dicere:

179 2683 229 2736 res
250 2675 395 2737 familiaris
414 2678 502 2738 alteri·
520 2699 628 2740 eorum
652 2679 743 2741 valde
763 2683 863 2763 exigua

182 2756 225 2817 eli
235 2757 336 2833 ,alteri
349 2761 398 2820 vix
411 2757 555 2838 equestris.
571 2761 863 2843 Quapropterquuur

184 2836 235 2899 llis,
250 2835 347 2898 Caesar
365 2841 456 2901 vitam
483 2838 531 2899 {ue
552 2842 722 2902 liberalitate
744 2862 863 2903 conces·

181 2920 241 2992 sit,
270 2940 328 2981 nec
355 2918 396 2981 ell
417 2919 554 2999 quodfiis
577 2939 717 3003 praeterea
742 2944 866 3005 magno·-

182 3019 257 3079 pere
275 3003 369 3082 possit
390 3000 497 3072 adimi3
517 3002 661 3077 reditum,
688 3006 720 3065 si·
733 3024 782 3066 ure
800 3022 867 3064 reu·
