2184 3975
174 524 178 529 .
221 478 292 549 Ab
308 475 728 549 FrnrerrrAEraVII.
745 430 841 577 ¹289..
897 484 899 488 ⁵

152 604 302 753 mlix
327 675 384 737 tuis
403 674 526 745 litteris.
563 671 729 755 &Quinto
751 674 833 739 fratri

149 755 255 839 gratias
279 757 328 840 egi
350 801 360 832 ,
393 756 473 817 &te
494 755 648 835 aliquando
670 757 832 820 collaudare

149 836 297 918 possum,
328 836 408 916 qubd
430 834 490 914 iarn
513 836 620 895 videris
640 854 716 896 certa
737 838 831 918 aliqua

149 921 180 976 in
206 915 348 978 sententia
376 914 537 977 constitisse.
569 915 647 975 Nam
674 918 835 996 primorum

150 1000 297 1059 mensium
311 997 411 1058 litteris
425 999 480 1058 tuis
497 995 686 1058 vehementer
702 1018 844 1061 commo.

149 1078 263 1154 vehar,
297 1078 379 1158 qubd
401 1078 472 1138 mihi
492 1077 636 1137 interdum
657 1074 672 1157 (
693 1098 764 1157 pace
784 1078 835 1142 tua

150 1157 276 1220 dixerim
291 1157 306 1241 )
323 1159 396 1219 levis
411 1159 441 1217 in
455 1160 531 1219 urbis
544 1157 764 1240 urbanitatisque
783 1159 834 1220 de-

152 1240 286 1313 siderio,
305 1238 449 1300 interdum
471 1241 574 1319 piger,
595 1239 738 1299 interdum
755 1242 834 1300 timi·

153 1321 205 1380 dus
218 1322 251 1380 in
264 1319 364 1380 labore
380 1318 512 1392 militari,
526 1318 600 1396 saepe
615 1337 712 1379 autem
727 1323 843 1394 etiarn,¹

152 1401 233 1482 qubd
256 1417 320 1461 ate
338 1399 526 1460 alienissimus
546 1443 557 1472 ‚
582 1399 612 1457 ὃ(
632 1397 836 1479 subimpudens

152 1481 310 1542 videbare:
329 1497 477 1560 tamquam
494 1480 572 1540 enim
587 1476 778 1561 syngrapham
796 1480 834 1541 ad

152 1562 388 1643 imperatorem,
419 1581 481 1620 non
504 1555 653 1640 epistolam
676 1559 836 1635 attulisses,

152 1644 217 1716 sic,
243 1640 368 1722 pecuniis
384 1639 502 1714 ablata,
522 1639 643 1698 domum
659 1640 753 1700 redire
769 1661 837 1720 pro·

152 1721 277 1805 perabas
294 1740 305 1795 ;
332 1741 387 1782 nee
404 1721 457 1782 tibi
473 1723 502 1780 in
521 1739 652 1780 mentem
672 1721 809 1782 veniebat
823 1720 843 1797 ,'

153 1823 205 1866 eos
224 1801 325 1884 ipsos,
347 1801 396 1884 qui
417 1821 484 1862 curn
506 1799 675 1881 syngraphis
695 1799 843 1867 venissent¹
912 1819 915 1826 ’

154 1883 396 1954 Alexandriam,
425 1902 578 1942 nummum
604 1881 696 1941 adhuc
723 1883 845 1948 nullum.

152 1963 268 2027 auferre
287 1960 419 2044 potuisse.
446 1961 531 2046 Ego,
562 1963 587 2022 si
604 1965 663 2024 mei
687 1964 836 2025 commodi
918 1963 921 1968 ’

154 2047 302 2107 rationem
320 2045 475 2116 ducerem,
490 2062 518 2105 te
533 2064 648 2104 mecum
667 2041 722 2103 esse
743 2047 837 2104 maxi·

154 2130 203 2189 me
224 2126 355 2188 vellem:
386 2144 446 2184 non
467 2126 544 2185 enirn
567 2126 706 2185 mediocri
723 2123 836 2187 afficie-

154 2209 209 2270 bar
223 2207 275 2269 vel
286 2205 437 2287 voluptate
453 2225 489 2266 ex
504 2204 710 2267 consuetudine
726 2205 836 2281 nostra,

154 2288 344 2351 vel-utilitate
364 2306 400 2347 ex
421 2287 543 2346 consilio
562 2305 650 2368 atque
670 2306 838 2365 operatua.

155 2367 217 2432 Sed
235 2389 326 2451 quum
344 2384 373 2427 te
389 2387 426 2427 ex
443 2366 635 2428 adolescentia
654 2383 703 2426 tua
721 2370 751 2427 in
767 2370 839 2427 ami·

157 2453 259 2511 citiam
280 2448 312 2509 &
327 2446 417 2508 fidem
434 2469 532 2508 meam
554 2444 740 2520 contulisses,
759 2446 839 2508 sem·

158 2551 213 2615 per
236 2546 267 2591 te
293 2549 354 2589 non
381 2528 472 2588 modb
498 2528 640 2589 tuendum
666 2526 763 2602 mihi,
789 2527 840 2589 sed

159 2614 250 2673 etiam
266 2608 432 2693 augendum
449 2626 535 2690 atque
553 2607 713 2678 ornandum
732 2611 842 2688 putavi.

160 2691 263 2772 Itaque
289 2689 388 2774 quoad
412 2693 545 2768 opinatus
570 2687 631 2749 sum
650 2709 696 2748 me
716 2690 745 2746 in
767 2710 842 2769 pro·

161 2775 289 2833 vinciam
310 2773 476 2844 exiturum,
505 2790 569 2849 quae
586 2770 622 2829 ad
639 2787 668 2829 te
688 2769 763 2828 ultro
785 2769 843 2829 de·

162 2853 294 2925 tulerim,
312 2849 469 2911 meminisse
486 2867 515 2911 te
528 2850 627 2911 credo.
643 2846 744 2908 Postea
755 2848 844 2927 quim

163 2954 228 2994 mea
245 2947 356 2991 mutata
372 2933 444 2991 ratio
462 2928 523 3005 est,
541 2951 632 3012 quum
646 2928 776 2990 viderem
795 2947 843 2988 rne

165 3035 182 3077 a
205 3012 320 3076 Caesare
342 3010 633 3075 honorificentissime
658 3007 788 3084 crassari,
814 3009 848 3072 &

203 3092 384 3164 sommis.
697 3085 727 3148 N
