2184 3975
188 509 267 606 ‘362
339 507 715 576 Enzsrounvn

188 644 242 686 nes
261 622 330 682 vitae
347 619 433 680 status
453 637 650 702 paraverunt:
671 621 729 680 huc
746 620 825 681 enim
840 637 871 683 ut

186 706 342 776 venirem,
366 701 495 783 superior
514 703 650 786 longius,
666 701 758 782 quim
775 701 869 775 volui,

188 785 272 846 fluxit
288 784 391 843 oratio.
411 781 516 862 Quum
531 787 610 844 enim
629 803 659 844 te
677 783 795 864 semper
813 802 870 842 ma·
908 813 910 816 ⁴

188 885 281 948 gnum
296 866 447 926 hominem
460 865 548 937 duxi3
562 883 625 926 tum
640 865 722 946 quud
740 865 786 923 his
802 879 871 923 tem·

188 944 346 1027 pestatibus
366 965 398 1005 es
415 947 508 1027 prope
527 944 603 1007 solus
622 948 652 1005 in
671 962 782 1026 pomi,
800 942 870 1004 fluc-

188 1024 291 1108 tusque
310 1022 446 1086 dostrinae
462 1029 589 1107 percipis
610 1046 688 1100 eos,
703 1030 762 1108 gui
781 1029 869 1084 maxi·

188 1112 232 1166 mi
247 1106 329 1180 sunt,
346 1122 380 1165 ut
395 1126 429 1167 ea
445 1109 628 1182 consideres,
643 1126 740 1188 eaque
755 1105 868 1180 trades,

190 1206 314 1267 quorum
336 1180 369 1246 dt
391 1187 474 1265 usus,
491 1188 524 1248 &
542 1186 695 1270 delestatio
716 1186 760 1249 est
776 1189 869 1247 omni·

189 1268 245 1327 bus
262 1262 381 1328 istorum
396 1268 430 1328 δι
444 1267 533 1342 aflis,
554 1271 587 1333 &
605 1268 808 1348 voluptatibus
823 1288 869 1328 an·

191 1349 370 1430 seponenda
395 1347 540 1430 Equidem
564 1351 618 1410 hos
639 1367 707 1410 tuos
732 1346 868 1408 Tuscula·

192 1428 294 1490 nenses
313 1429 375 1489 dies
397 1431 483 1490 instar
505 1427 561 1490 ess'e
586 1433 654 1490 vitae
672 1445 769 1511 puto;
785 1430 868 1489 liben-

193 1528 295 1593 tesque
311 1512 445 1572 omnibus
461 1532 564 1572 omnes
581 1531 654 1590 opes
672 1507 868 1581 comederim,

194 1612 227 1653 ut
242 1592 313 1652 mihi
326 1593 429 1665 liceat,
444 1595 476 1650 vi
492 1592 571 1652 nulli
588 1591 809 1672 interpeliante,
824 1589 867 1648 isto

194 1673 287 1733 modo
307 1676 419 1733 vivere.
448 1671 543 1750 Quod
567 1693 621 1732 nos
643 1692 703 1753 quo
747 1673 869 1732 eimin-

195 1776 285 1828 mur‚
318 1774 350 1813 ut
367 1751 534 1832 poffumus,
565 1752 596 1812 &
614 1755 645 1812 in
664 1775 704 1813 no
744 1754 766 1812 ‘s
783 1750 869 1812 studiis

195 1836 384 1895 libentissime
396 1833 634 1917 conquiescimus.
645 1831 725 1912 Quis
736 1835 815 1894 enim
822 1832 870 1892 hoc

196 1937 257 1975 non
269 1915 382 1975 dederit
394 1916 499 1991 nobis,
513 1931 567 1989 ut,
579 1934 669 1997 quum
682 1913 776 1995 operi
786 1909 872 1974 nostri

198 1999 290 2079 patria
316 1998 378 2056 sive
401 2018 461 2056 non
484 1999 577 2076 possit
599 1998 672 2071 uti,
694 1998 757 2057 sive
779 1996 872 2068 nolit,

199 2079 321 2138 adeam
345 2077 437 2137 vitam
464 2096 664 2151 revertamur,
691 2097 782 2159 quarn
800 2074 873 2136 multi

199 2158 276 2217 dodi
304 2159 461 2231 homines,
486 2156 599 2218 fortaffe
629 2178 690 2217 non
720 2156 819 2231 ῐεᾶὲ,
834 2154 874 2218 sed

198 2256 296 2297 tamen
324 2239 428 2311 multi,
458 2235 548 2298 etissam
569 2239 736 2318 reipublicae
761 2257 874 2320 praepos

199 2319 326 2379 nendam
349 2318 554 2399 putaverunt?
582 2318 661 2397 Quae
683 2320 773 2400 igitur
794 2316 875 2379 studia

201 2420 372 2481 magnorum
399 2401 549 2459 hominum
581 2400 721 2460 sententii
747 2401 876 2459 vacatio·

202 2501 271 2541 nem
288 2480 395 2541 habent
414 2484 501 2541 etiam
523 2481 631 2561 publici
650 2483 803 2553 muneris,
819 2482 877 2551 ⁴iis,

202 2560 382 2621 concedente
400 2562 546 2643 republicis
557 2606 567 2635 ‚
578 2583 627 2621 cur
640 2581 701 2620 non
715 2558 877 2622 abutamur?

202 2642 262 2704 Sed
281 2643 345 2722 plus
367 2641 467 2716 facio,
495 2643 583 2722 quim
601 2638 743 2701 Caninius
763 2641 879 2702 manda·

202 2728 254 2785 vit.
272 2722 302 2783 Is
318 2725 417 2798 enim,
440 2727 463 2784 si
480 2722 550 2803 quid
569 2742 626 2804 ego
646 2722 773 2797 scirem,
797 2743 879 2803 roga·

203 2824 264 2879 rat,
285 2804 365 2885 quod
380 2823 411 2863 tu
428 2803 550 2864 nescires
557 2822 568 2877 ;
587 2802 710 2885 egotibi
728 2823 766 2863 ea
780 2824 879 2874 nasto,

203 2907 268 2966 quae
297 2905 328 2946 tu
355 2886 456 2945 melius
483 2884 567 2959 scis,
595 2882 684 2964 quim
711 2881 807 2965 ipse,
836 2883 879 2965 qui

178 2988 298 3047 narro.
323 2965 437 3025 Faciam
463 2985 535 3047 ergo
559 2964 662 3038 illud,
690 2965 774 3045 quod
797 2983 880 3107 τοῖ-

202 3064 248 3109 tus
271 3046 359 3121 sum,
380 3064 411 3108 ut
429 3066 531 3113 eorum
543 3090 555 3123 ‚
573 3066 637 3127 quae
664 3046 809 3129 temporis
851 3064 882 3106 u·
