2184 3975
267 505 340 575 Au
353 504 679 576 Frrnrrumru.
694 509 770 576 VII.
805 528 879 606 293

224 658 230 667 ·
298 645 463 711 Cremo
498 644 721 712 Taenario
756 650 787 712 S.

198 779 342 832 Aureum
358 782 413 850 post
436 779 533 849 Caesaris
551 801 629 832 necem
648 802 720 849 remp.
741 784 849 835 turbante
869 820 879 843 ,

232 854 317 906 Cicero
335 852 459 922 desperans
473 855 625 912 libertatem,
643 857 669 904 in
687 855 800 905 Graeciam
817 858 881 908 abire

232 927 363 989 constituit.
393 926 423 977 ln
445 946 489 994 quo
514 929 598 979 itinere
629 929 769 995 Topicorum
796 930 880 980 librum

227 995 348 1067 scripsit,
373 1017 466 1066 eumque
495 1000 607 1052 Trebatio
629 1002 691 1050 misit
714 1001 743 1050 ab
765 1001 854 1069 Rhegio
872 1037 882 1059 ‚

232 1070 273 1120 ubi
290 1072 315 1122 6·
334 1073 367 1123 srae
384 1072 470 1122 tinem
484 1069 540 1138 sunt
562 1076 641 1130 dare,
662 1077 690 1123 de
709 1071 750 1140 usu
768 1075 790 1123 G·
810 1075 883 1125 inter·

228 1144 368 1212 pretatione
387 1144 434 1213 ejus
454 1145 520 1196 libri.
539 1147 612 1197 Anno
632 1145 665 1200 U.
685 1150 712 1198 C.
733 1164 789 1212 7⁰9·

204 1259 403 1407 lovum
431 1322 530 1411 quanti
555 1329 632 1408 apud
658 1350 706 1390 me
731 1332 797 1401 sis;
825 1332 880 1390 etsi

199 1404 257 1486 jure
291 1409 324 1469 id
347 1409 496 1490 quidem:
525 1430 586 1469 non
615 1411 693 1470 enim
722 1427 752 1469 te
780 1429 880 1470 amore

199 1488 296 1550 vinco.
331 1488 542 1550 Verumtamen
567 1490 647 1568 quod
672 1490 803 1567 prasenti
829 1489 882 1548 tibi

199 1569 289 1651 prope
304 1568 516 1650 subuegatam,
532 1588 593 1628 non
612 1570 768 1628 tribueram
785 1570 881 1642 certe,

199 1649 227 1709 id
247 1647 360 1711 absenti
376 1651 483 1711 debere
506 1670 567 1709 non
587 1651 681 1729 potui.
699 1648 825 1729 Itaque,
849 1665 882 1708 ut

217 1731 324 1790 rimini
353 1730 441 1791 Velio
471 1734 606 1810 navigate
636 1732 713 1807 coepi
737 1774 746 1802 ‚
775 1727 881 1788 institui

199 1749 313 1890 &opica
340 1808 513 1872 Aristotelea
535 1808 738 1882 conscribere,
765 1809 800 1867 ab
822 1808 882 1888 ipsa

200 1891 270 1952 urbe
291 1893 488 1951 commonitus
499 1936 513 1963 ‚.
528 1890 793 1951 ammonini-rui.
806 1887 882 1950 Eum

199 1969 304 2031 librum
325 1970 378 2032 tibi
398 1974 462 2032 misi
481 1969 620 2051 Rhegio,
643 1969 776 2051 scriptum
793 1970 883 2051 quim

199 2051 366 2132 planissime
384 2073 429 2113 res
450 2052 497 2111 illa
518 2051 600 2111 scribi
624 2055 729 2130 potuit.
760 2051 810 2110 Sin
828 2051 882 2110 tibi

235 2134 333 2191 aedatn
348 2131 522 2193 videbuntur
543 2130 730 2204 obscuriora,
752 2134 881 2211 cogitare

218 2212 339 2287 ebebis‚
360 2214 466 2272 nullam
483 2229 574 2271 artem
596 2212 696 2272 litteris
714 2213 774 2271 sine
792 2215 882 2272 inter·

200 2310 279 2372 prete
301 2337 312 2366 ‚
338 2292 370 2351 &
389 2297 451 2353 sine
469 2293 564 2373 aliqua
585 2295 792 2352 exercitatione
814 2314 882 2372 per-

201 2375 254 2454 cipi
279 2370 371 2453 posse.
394 2372 463 2433 Non
484 2373 573 2453 longe
591 2374 719 2431 abieris:
746 2394 814 2431 num
836 2371 882 2450 jus

201 2453 284 2514 civile
304 2451 442 2514 vestrum·
454 2473 490 2513 ex
508 2452 586 2511 libris
608 2450 742 2532 cognosci
762 2452 855 2531 potest
872 2456 885 2515 ἓ

201 2536 246 2613 qui
274 2553 451 2613 quamquam
473 2533 590 2613 plurimi
616 2531 702 2604 sunt,
732 2530 882 2594 dosiorem

200 2630 315 2689 tamen,
333 2612 471 2693 usumque
492 2612 664 2673 desiderant.
690 2611 880 2693 Quamquam

201 2710 229 2754 tu
244 2696 269 2756 si
289 2694 400 2753 attenti
415 2693 514 2774 leges,
533 2697 557 2753 si
576 2692 692 2773 sapius,
704 2714 756 2773 per
769 2712 797 2752 te
811 2714 879 2751 om-

200 2772 476 2854 niaconsequere,
502 2789 533 2832 ut
556 2776 632 2835 certe
659 2774 825 2853 inteiligas:
850 2787 883 2829 ut

199 2856 272 2915 verb
292 2856 383 2915 etiam
403 2854 458 2934 ipsi
474 2852 526 2913 tibi
543 2854 602 2913 loci
619 2854 770 2933 propositi
790 2848 882 2930 quaes-

199 2936 278 2995 tione
290 2950 460 3006 occurrant,
479 2937 684 2993 exercitatione
698 2929 885 3007 consequere.

199 3012 232 3075 ln
251 3036 310 3097 qua
330 3014 449 3095 quidem
468 3036 522 3077 nos
542 3033 571 3077 te
594 3012 835 3084 continebimus‚
857 3010 882 3068 si

678 3089 707 3151 u
725 3085 756 3170 n]
