2184 3975
281 487 358 567 '188
429 493 806 566 Epitroznnuot

280 614 389 684 ciam,
420 612 470 691 qui
496 599 623 690 primum
647 611 703 671 tibi
727 623 840 687 tantum
867 605 964 670 oneris

280 694 432 774 imponam
462 688 591 771 (potest
616 693 695 752 enim
724 692 795 750 mihi
819 681 965 770 denegare

280 773 435 854 occupatio
458 769 540 852 tua)
562 771 667 831 deinde
687 773 800 843 etiam,
827 786 859 830 ut
879 790 964 830 ornes

281 874 363 927 me,
395 849 548 933 postulem.
578 849 689 929 Quid,
718 856 743 912 si
766 851 815 911 illa
835 849 889 911 tibi
907 872 966 910 non

280 949 364 995 tanto
387 953 435 994 ere
454 932 589 994 videntur
604 922 755 1009 ornanda?
772 922 832 992 Sed
848 949 966 1006 tamen,

282 1016 333 1096 qui
363 955 451 1074 demel
481 1013 664 1073 verecundiae
693 1011 766 1073 fines
782 1013 965 1085 transierit,

284 1114 353 1155 eum
373 1095 449 1154 bene
469 1092 501 1153 &
521 1096 633 1154 naviter
653 1112 769 1173 oportet
789 1091 847 1152 effe
865 1094 965 1174 impu-

282 1171 412 1235 dentem.
424 1174 523 1254 Itaque
535 1192 564 1234 te
577 1175 661 1255 plau&
673 1178 764 1236 ¹etiam
775 1192 861 1253 atque
877 1177 966 1233 etiam

281 1276 316 1315 ro
338 1274 380 1329 o,
395 1272 427 1313 ut
444 1255 475 1314 &
489 1275 575 1315 ornes
593 1275 628 1314 ea
643 1254 845 1315 vehementius
856 1257 964 1330 etiam,

282 1357 371 1416 quam
395 1333 507 1395 fortaffe
529 1333 634 1407 sentis,
656 1335 688 1394 δι
710 1338 740 1394 in
757 1355 794 1394 eo
813 1334 894 1417 leges
909 1334 967 1394 his-

282 1415 366 1477 toriae
387 1436 423 1475 ne
445 1416 532 1498 ligas:
569 1419 727 1498 ratiamque
740 1416 838 1490 illam,
855 1417 893 1476 de
910 1437 967 1498 qua

283 1437 450 1583 suavispnii
477 1516 536 1578 quo
558 1517 606 1556 am
637 1499 667 1555 in
697 1492 845 1576 prooemio
872 1494 967 1578 scrip-

219 1618 224 1629 „
284 1575 341 1636 sisti
363 1622 374 1650 ‚
399 1598 495 1658 aqua,
510 1594 538 1637 te
560 1570 636 1637 fle&
654 1598 715 1636 non
733 1579 809 1638 ma'
844 1576 966 1658 potuiffe

197 1686 202 1693 ·
249 1655 253 1661 ’
282 1655 480 1733 demonstras,
496 1655 584 1738 qudm
606 1657 765 1718 Herculem
812 1655 968 1738 enophon·

281 1739 355 1799 tium
382 1739 463 1799 illum
492 1760 509 1798 a
537 1738 717 1818 voluptate,
739 1757 776 1798 ea
799 1740 824 1798 si
846 1758 895 1799 me
914 1739 968 1800 tibi

280 1819 482 1881 vehementius
514 1818 762 1891 commendabit,
796 1838 834 1879 ne
865 1818 967 1901 asper·

281 1918 374 1971 nere3
396 1901 487 1958 amori
508 1918 543 1958 ue
565 1898 661 1959 nostro
682 1898 842 1981 plusculum
858 1904 968 1979 etiam,

282 1979 374 2062 quim
394 1920 537 2039 concedet
561 1982 692 2055 vetitas,
714 1980 846 2041 latiare.
869 1978 968 2061 Quod

282 2063 353 2123 site
371 2061 572 2130 adducemus,
594 2080 626 2122 ut
641 2062 698 2123 hoc
723 2002 854 2143 suicipias
874 2108 885 2136 ‚
912 2066 969 2126 erit

283 2149 342 2218 (ut
361 2144 431 2204 mihi
454 2140 641 2245 persuadeo)
661 2146 794 2205 materies
816 2144 905 2225 digna
922 2143 968 2204 fa.-

280 2224 410 2295 cultate‚
435 2223 467 2281 ὃ(
488 2225 573 2302 copiti
594 2245 653 2286 tua.
676 2224 706 2284 A
727 2227 871 2306 principio
887 2227 968 2285 enim

280 2299 487 2377 conjurationis
506 2302 594 2384 usque
615 2303 651 2363 ad
672 2303 797 2363 reditum
816 2301 966 2381 nostrum,

280 2382 397 2443 videtur
418 2379 488 2444 mihi
509 2384 658 2445 modicum
683 2384 832 2464 quoddam
857 2406 965 2467 corpus

279 2462 386 2523 confici
408 2464 508 2547 poffe3
539 2468 569 2524 in
589 2487 647 2546 quo
669 2465 700 2523 ὃ(
723 2464 773 2524 illd
794 2468 904 2545 poteris
923 2469 965 2528 uti

280 2545 410 2605 civilium
430 2548 689 2607 commutationum
707 2538 846 2619 sciendi,
862 2549 913 2608 vel
933 2549 964 2608 in

280 2625 458 2705 explicandis
481 2628 571 2686 causis
594 2647 691 2687 rerum
713 2646 882 2701 novarum,
914 2628 964 2689 vel

280 2707 310 2766 in
323 2753 326 2758 .
341 2708 475 2768 remediis
497 2708 750 2768 incommodorum
772 2753 782 2781 ,
814 2730 905 2789 quum
932 2709 964 2782 &

275 2788 474 2867 jreprehendes
488 2787 549 2869 ῥα,
564 2810 626 2870 quae
643 2789 834 2869 vituperanda
854 2788 942 2850 duces
951 2810 962 2863 ;

280 2867 336 2940 δι,
358 2889 421 2949 quae
447 2867 623 2948 placebunt,
645 2870 826 2951 exponendis
847 2872 978 2945 rationi-¹¹

279 2948 334 3008 bus
349 2948 572 3030 comprobabis;
589 2951 641 3022 δι,
658 2954 683 3010 si
694 2951 832 3025 liberius,
848 2968 880 3011 ut
895 2972 966 3011 con·

280 3028 387 3108 suesti,
416 3030 560 3116 agendum
584 3030 724 3113 putabis,
749 3032 908 3096 multotum
932 3034 963 3092 in
