2184 3975
271 467 342 541 An
352 466 672 538 FAMILIAMIB·
685 468 781 539 VHI.
808 490 882 566 33¹

200 581 309 658 scribi,
335 583 369 644 bc
388 579 427 643 de
446 603 482 644 ea
500 601 533 643 re
554 582 590 642 ad
608 580 764 659 senarum,
787 602 887 666 popu-

199 664 321 749 lumque
340 662 452 725 referri.
480 667 559 725 Huic
574 663 811 745 senatusconficlro
835 670 885 726 in-

148 818 151 823 ·
201 749 323 817 arcessit
342 747 374 806 C.
396 746 521 818 Coelius,
542 747 578 804 L.
595 747 741 815 Wnicius,
762 747 798 804 P.
818 748 887 807 Cor·

199 828 307 900 aelius,
328 826 363 887 C.
379 826 476 888 Vrbius
490 825 597 906 Parrfiz.
617 821 692 886 Item
707 825 815 885 senatui
825 828 888 907 pla·

200 902 263 985 c'ere
284 953 295 982 ,
325 906 365 968 de
391 906 554 979 militibus,
579 908 679 988 quiin
699 909 826 966 exercitu
846 905 887 970 C.

201 982 322 1051 casaris
340 986 426 1061 lunt3
445 988 496 1070 qui
510 1008 614 1049 eorum
636 985 777 1068 stipendia
797 1007 885 1049 eme-

199 1070 276 1144 rita,
302 1087 353 1129 aut
371 1065 493 1140 causas,
522 1068 623 1149 quibus
642 1068 680 1130 de
695 1070 786 1131 causis
807 1069 889 1131 missi

199 1144 260 1221 fieri
276 1147 427 1221 debeant,
444 1148 588 1223 habeant,
607 1146 644 1209 ad
659 1149 735 1210 hunc
749 1149 886 1211 ordinem

200 1229 322 1304 referri,
346 1244 381 1289 ut
403 1249 507 1291 comm
527 1231 600 1289 ratio
623 1229 788 1305 habeatur,
814 1251 883 1291 cau-

200 1306 294 1396 laeque
317 1309 537 1393 cognoscantur.
561 1309 676 1390 Siquis
699 1311 764 1370 huic
787 1309 818 1371 S.
844 1308 886 1373 C.

200 1389 404 1464 intercefferit,
426 1388 535 1471 senatui
550 1391 664 1471 placere
685 1389 884 1452 aucloritatem

146 1480 151 1487 '
199 1470 357 1553 perscribi,
381 1472 413 1533 &
431 1470 467 1532 de
485 1491 520 1532 ea
540 1491 571 1532 re
591 1472 627 1531 ad
648 1471 801 1546 senatum,
827 1492 885 1551 po-

199 1554 359 1635 pulumque
372 1550 483 1614 referri.
498 1556 576 1614 Huic
586 1552 824 1633 senatusconsulto
840 1554 887 1612 in·
934 1591 940 1600 ·

199 1638 323 1696 tercessr't
354 1636 386 1696 C.
410 1635 540 1708 Coelius,
568 1639 600 1695 ι’.
624 1635 720 1713 Pansa
741 1679 755 1707 ‚
782 1633 887 1694 tribuni

144 1776 146 1783 ,
197 1716 299 1795 plebis.
322 1711 455 1796 Itemque
476 1712 586 1777 senatui
608 1714 745 1794 placere,
760 1717 790 1774 in
810 1711 887 1773 Cili-¹

199 1798 274 1857 ciam
300 1797 513 1877 provinciam,
543 1796 575 1856 &
606 1798 636 1854 in
665 1794 732 1856 ollo
760 1795 886 1876 reliquas

199 1877 391 1959 provincias,
421 1897 492 1958 quas
525 1877 651 1956 praetorii
678 1897 733 1958 pro
761 1895 886 1957 praetore

200 1959 389 2029 obtinerent,
411 1977 485 2032 eos,
508 1959 558 2038 qui
579 1974 717 2038 praetores
735 1955 887 2034 luerunt,

201 2058 297 2122 neque
317 2042 346 2098 in
364 2040 512 2118 provincia
527 2059 595 2099 cum
611 2041 736 2119 imperio
747 2038 886 2122 fuenmt,

200 2141 274 2202 quos
306 2139 410 2179 eorum
433 2139 470 2179 ex
500 2117 533 2178 S.
554 2118 593 2179 C.
619 2121 827 2198 cumimperio
852 2121 885 2178 in

200 2201 367 2281 provincias
389 2222 443 2281 pro
464 2218 589 2280 praetore
609 2201 682 2259 mitti
706 2217 886 2281 oporteret,

201 2301 253 2342 eos
279 2280 380 2340 sortitb
408 2282 438 2339 in
464 2282 626 2360 provincias
653 2283 726 2342 mitti
759 2282 886 2361 placere.

201 2360 231 2422 Si
248 2382 287 2424 ex
310 2382 348 2422 eo
365 2381 507 2434 numero,
522 2383 598 2442 quos
615 2381 652 2421 ex
668 2360 700 2421 S.
712 2359 751 2421 C.
766 2367 795 2421 in
812 2384 885 2442 pro·

200 2444 311 2503 vincias
329 2444 371 2501 ire
394 2458 567 2521 oporteret,
591 2442 628 2501 ad
647 2462 799 2502 numerum
821 2464 885 2505 non

202 2521 318 2596 effent,
342 2523 392 2602 qui
411 2524 441 2581 in
465 2543 514 2583 eas
533 2523 699 2602 provincias
721 2521 886 2602 proficisce-

201 2623 322 2664 rentur:
343 2620 405 2663 tum
424 2604 465 2663 uti
487 2603 625 2684 quodque
645 2603 801 2687 collegium
825 2608 893 2684 pri·'

201 2704 283 2745 mum
299 2700 459 2763 praetorum
469 2681 583 2756 fuiffet,
604 2704 698 2765 neque
714 2688 743 2744 in
760 2687 887 2764 provin-

202 2768 259 2825 cias
274 2762 399 2847 profecli
421 2763 535 2838 ellent,
556 2767 596 2825 ita
613 2762 688 2825 sorte
706 2768 737 2823 in
758 2766 885 2845 provin·

203 2846 259 2906 cias
282 2842 538 2927 proficiscerenmr.
563 2846 594 2906 Si
619 2847 640 2905 ii
665 2846 703 2905 ad
731 2864 887 2908 numerum

205 2946 264 2986 non
289 2923 408 3001 ess'ent,
435 2944 503 2987 tunc
525 2928 662 3006 deinceps
685 2927 808 3005 proximi
831 2944 886 2982 cu-

203 3001 301 3091 ¹rusque
326 3007 467 3091 collegii,
493 3011 542 3091 qui
571 3023 713 3089 pretores
737 3001 885 3082 follem,
