2184 3975
271 506 349 586 '244
422 485 829 564 Errsrorrrvrr'

270 605 351 686 Quae
368 608 505 688 quoniam
523 609 552 666 iri
570 623 737 686 temporum
759 606 960 669 inclinationi-⁴

269 686 323 748 bus
343 687 416 769 saepe
460 690 533 748 arvis
554 691 648 767 posita
668 687 748 761 sunt,
772 691 873 749 omnia
892 710 960 750 mo·

269 785 369 828 menta
390 710 632 842 obssrvabimus‚
653 787 749 848 neque
772 769 864 829 ullum
881 791 959 850 prae-

269 852 463 909 termittemus
481 851 522 907 rui
536 847 654 926 juvandi
667 847 700 906 &
713 849 830 909 levandi
845 849 959 913 locum.

269 926 372 1010 Itaque
393 928 463 989 illud
485 929 625 1002 alterum,
647 928 727 1007 quod
745 929 826 1003 dixi,
843 929 959 992 littera-

270 1031 336 1069 rum
368 1009 458 1091 geniis
490 1009 620 1090 quotidie
651 1007 720 1067 mihi
748 1054 758 1082 ,
791 1028 823 1071 ut
845 1009 959 1090 spero,

271 1089 322 1151 fiet
337 1090 512 1169 proclivius,
532 1107 566 1150 ut
580 1092 667 1149 etiam
684 1089 813 1168 polliceri
826 1095 955 1170 possim:

270 1169 301 1228 id
321 1191 372 1243 re,
391 1170 478 1249 quim
493 1170 611 1243 verbis,
628 1168 731 1228 faciam
745 1170 892 1231 libentiirs.
909 1170 958 1232 Tu

271 1250 362 1312 velim
381 1248 548 1323 existimes,
569 1251 602 1310 &
641 1250 716 1309 lures
731 1269 760 1310 te
780 1254 892 1312 amicos
909 1252 961 1314 ha·

271 1329 366 1404 bere,
384 1332 470 1411 quim
489 1333 538 1410 qui
558 1332 588 1389 in
608 1271 660 1389 ifio
681 1329 745 1389 casu
763 1334 820 1391 sint
839 1353 871 1391 ac
888 1331 960 1394 fue*

271 1413 358 1484 rint,
389 1428 528 1491 quantum
560 1409 679 1490 quidem
709 1430 767 1492 ego
793 1412 959 1496 intelligere

271 1493 419 1572 potuerim
440 1511 450 1563 3
473 1491 504 1551 &
523 1511 572 1552 me
592 1491 753 1565 concedere
775 1511 878 1552 eorum
899 1514 960 1556 ne-

271 1573 354 1632 mini.
372 1569 491 1633 Fortem
510 1569 556 1630 fac
575 1571 833 1633 animumhabeas
849 1573 881 1633 ὅ(
895 1595 961 1635 ma-

295 1672 388 1726 num,
409 1651 490 1733 quod
506 1649 547 1711 est
566 1653 595 1710 in
613 1671 672 1710 uno
695 1654 745 1711 te:
762 1673 826 1732 quae
843 1651 909 1715 sunt
926 1657 959 1717 in

272 1673 411 1806 arcuna,
430 1731 611 1813 temporibus
630 1750 785 1812 regentur,
806 1735 841 1796 &
856 1737 962 1806 consi-¹

271 1812 317 1874 liis
339 1811 439 1874 nostris
456 1813 694 1894 providebuntur.
714 1812 800 1874 Vale.

333 1958 369 2020 M
402 1956 441 2019 T.
474 1957 512 2019 (3.
542 1956 761 2023 Turrino
793 1957 824 2023 S.
853 1957 901 2023 D.‘

274 2115 378 2168 anls
400 2115 423 2166 ἃ
438 2112 568 2183 firperr'oris
586 2115 689 2183 epistola
707 2115 767 2168 idem
783 2122 962 2187 argumentum,¹

523 2188 595 2238 ‘idem
617 2206 701 2241 annus.

279 2397 326 2439 11.
338 2306 391 2437 E
403 2393 424 2437 c
434 2394 457 2438 o
481 2376 580 2457 quanti
596 2391 626 2439 re
644 2377 768 2453 faciam,
784 2377 960 2461 semperque

274 2457 417 2532 fecerim,
438 2460 536 2538 quanti
559 2479 607 2519 me
630 2479 693 2521 are
718 2460 781 2521 fieri
805 2461 961 2520 intellexe-

275 2542 351 2615 rim,
369 2539 431 2598 sum
452 2539 523 2598 mihi
541 2539 601 2618 ipse
623 2539 711 2601 testis.
733 2540 810 2599 Nam
834 2541 867 2600 &
886 2560 960 2600 con-

275 2621 372 2681 silium
391 2637 493 2693 tuum,
515 2620 565 2680 vel
587 2619 664 2682 casus
685 2623 781 2702 potiirs
805 2621 909 2681 diutius
924 2621 955 2679 in

276 2703 362 2760 armis
380 2700 512 2759 civilibus
527 2703 746 2774 commorandi,
760 2700 875 2781 semper
888 2701 961 2761 mihi

277 2801 324 2841 ma
346 2802 385 2840 no
404 2779 498 2840 dolori
515 2780 588 2853 fuit3
604 2781 636 2840 &
653 2782 699 2841 bic
718 2797 862 2854 eventus,
878 2781 960 2861 qubd
1002 2800 1005 2808 ·

278 2803 405 2933 iargire,
426 2860 514 2941 quim
531 2860 572 2921 est
590 2882 724 2941 aeqnum,
746 2861 779 2920 ὃ(
799 2859 889 2940 quim
902 2881 961 2942 ego

277 2943 406 3015 vellem,
418 2961 569 3022 recuperas
583 2940 728 3002 fortunam
742 2941 774 3000 &
789 2940 961 3023 dignitatem

277 3034 379 3099 ruam,
399 3022 469 3084 mihi
486 3042 547 3084 non
566 3022 671 3085 minori
691 3042 765 3085 curae
786 3018 851 3097 est,
874 3021 964 3103 quim
