2184 3975
194 475 270 572 328
344 477 725 546 Errsroesnon

194 606 330 671 cuperat,
350 591 473 650 omnibus
492 593 522 651 in
542 590 620 649 rebus
637 593 781 665 turbarat,
801 611 879 665 netj

192 672 267 749 quod
285 694 340 730 nan
361 674 514 742 venderet,
535 672 682 751 quidquam
704 673 879 750 reliquerat,

191 753 316 810 naximd
338 753 417 810 nobis
431 748 552 811 ¹traditus
569 769 627 810 erat
644 753 775 812 invidid:
796 774 879 831 neque

192 835 351 891 Laterensis
371 851 501 912 prator,
526 832 676 913 posiulonte
703 832 852 911 Pausanid
865 877 879 904 ,

192 914 273 993 nobis
291 915 449 993 patronis,
475 911 550 990 Qui>
571 932 606 972 ea
628 915 752 993 pecunia
771 933 879 993 perve-¹

192 989 296 1066 niffet,
315 995 429 1072 recipere
445 994 544 1052 voluit.
564 996 648 1072 Quid
657 995 775 1063 Pilius,
791 991 881 1073 neces
937 1049 938 1053 ,

187 1072 284 1152 fhrius
317 1076 408 1133 Attici
436 1076 543 1153 nasici,
576 1077 608 1131 de
635 1075 793 1153 repetundis
821 1096 879 1133 eum

189 1154 368 1234 postulavit,
399 1173 497 1233 magna
529 1154 607 1213 illico
631 1153 713 1228 setona
735 1154 880 1232 fierrexit,

195 1234 224 1306 ῥ’
251 1236 284 1293 de
306 1235 480 1295 damnatione
499 1231 740 1313 seruenterdoqui
762 1237 797 1316 esi
823 1255 880 1294 ca-

187 1332 279 1394 ptum.
302 1319 365 1397 Quo
383 1333 462 1373 vento
476 1311 623 1394 projicitur
641 1318 756 1396 Appius
774 1316 882 1389 minor,

193 1388 225 1475 tit
245 1397 346 1467 indicet
363 1397 508 1477 pecuniam
527 1417 561 1453 ex
582 1396 661 1455 bonis
676 1397 768 1476 patris
780 1418 879 1476 perue-

105 1492 107 1494 ’
192 1473 257 1552 stifft
270 1479 310 1535 ad
318 1474 466 1536 Servilium
474 1521 485 1549 ,
493 1475 782 1558 praevaricationisque
795 1473 882 1538 causti

193 1557 294 1635 diceret
320 1558 471 1637 depositum
496 1560 576 1619 H-S.
599 1573 714 1616 Lxxxt.
743 1558 882 1629 Admitti-2

192 1638 232 1697 ris
247 1639 403 1711 amentiam.
422 1639 502 1719 Quid
513 1640 540 1698 si
556 1639 674 1698 ailianes
683 1637 882 1718 stultissimas,

194 1714 263 1797 q‘uid
290 1721 317 1778 si
337 1715 460 1797 nesrrias
480 1721 513 1776 de
529 1737 609 1798 patre
629 1716 814 1798 consessiones
828 1739 884 1794 aue

194 1797 275 1876 dtffes
294 1802 311 1859 ?
340 1801 432 1859 Mittit
451 1802 480 1859 in
499 1799 643 1859 consilium
661 1797 764 1878 eosdem
786 1799 852 1859 ilios
869 1842 882 1870 ‚

194 1882 241 1959 qui
264 1881 327 1939 lites
349 1881 531 1959 asinorant,
554 1877 674 1957 judices.
698 1885 793 1960 Quum
807 1900 883 1961 aquo

194 1982 304 2032 numero
319 1961 460 2039 sententia
472 1956 612 2039 fittffent,
632 1962 817 2032 Laterensis,
838 1961 882 2021 le-

191 2065 239 2124 qts
261 2047 414 2123 ignorans,
432 2043 623 2122 pronuntiavit
639 2044 707 2121 quid
719 2042 824 2123 singuli
839 2063 883 2101 or·

195 2126 273 2192 dines
283 2121 470 2203 judicaffent:
498 2123 582 2182 &ad
599 2140 769 2195 extremum,
784 2140 816 2186 ut
829 2123 884 2202 so-

196 2205 252 2264 ient
264 2248 274 2274 ‚
298 2202 369 2263 Non
397 2203 537 2285 redigam.
563 2206 708 2284 Pasiquant
732 2203 886 2283 discessit,

197 2284 225 2344 δ’
247 2306 298 2364 pro
329 2283 452 2362 absoluto
475 2285 612 2345 Servilius
632 2284 726 2343 haberi
750 2302 885 2364 captus,

195 2357 312 2446 ligisque
333 2386 415 2425 unum
437 2364 656 2425 &centesimum
680 2383 764 2445 caput
788 2364 886 2445 legit,

195 2435 297 2535 inquo
321 2447 362 2506 ita
383 2463 472 2505 erat:
501 2444 597 2523 Quod
627 2464 730 2505 eorum
753 2441 882 2523 judicum

195 2546 290 2602 malos
310 2547 376 2606 pars
397 2524 528 2605 judicarit
548 2569 558 2599 ,
579 2524 610 2585 id
629 2522 701 2604 jus,
726 2540 881 2608 ratumque

196 2604 277 2672 esto:
308 2610 339 2668 in
363 2608 474 2668 tabulas
505 2606 656 2687 absolutum
681 2628 738 2666 non
761 2609 884 2682 retulit,

196 2691 321 2749 ordinum
333 2684 447 2769 judicia
463 2686 629 2768 perscripsit.
645 2686 805 2766 Postulante
823 2708 886 2747 rur-

188 2770 241 2852 sits
264 2772 388 2850 Appio,
410 2790 469 2829 cum
489 2772 525 2827 L.
548 2768 641 2830 Lollio
662 2767 790 2848 transegit
810 2810 821 2841 ,
853 2768 883 2828 (e

189 2850 222 2933 se
243 2852 391 2911 relaturum
412 2850 493 2908 discit.
526 2848 576 2908 Sic
598 2869 670 2907 nunc
693 2869 781 2927 neque
801 2846 884 2927 abso·

196 2934 294 3004 lutus,
319 2949 404 3009 neque
418 2931 565 2988 dannatus
580 2929 738 3001 Servilius,
759 2930 792 2987 de
810 2949 885 3008 repe-

196 3016 291 3093 tundis
303 3009 418 3095 seimus
435 3010 513 3087 Pilio
538 3010 670 3090 tradetur.
690 3011 769 3074 Nam
790 3010 823 3071 de
840 3010 901 3108 ὣς.
