2184 3975
273 499 327 575 30
422 481 791 550 EPISTOLARUM

274 591 394 672 quidem
416 639 426 668 ,
451 610 484 653 ut
504 595 575 654 mihi
593 593 772 655 stomachum
792 593 921 657 facerem
941 607 954 670 ’,

274 692 363 818 {uem
382 693 439 813 epo
457 674 584 734 funditus
605 677 738 755 perdidi,
756 673 805 734 sed
826 678 903 736 certe
920 693 953 736 ut

305 773 370 814 cere
403 775 420 814 e
441 755 650 816 arbitrarentur.
668 757 725 815 Hic
749 775 805 836 ego
823 801 833 829 ,
856 752 958 838 quan-'

275 849 338 893 tum
350 834 484 895 ‚humano
499 837 620 896 consilio
642 835 756 897 efficere
772 840 875 914 potui,
898 839 956 896 cir-

277 913 363 974 eums
379 915 445 974 eliis
468 916 552 975 rebus
579 917 652 975 meis
673 915 835 991 omnibus,
860 921 955 977 ratio·

276 936 416 1077 nibusiiue
433 993 596 1069 subduslis‚
618 995 757 1057 summam
774 995 831 1056 feci
848 1001 958 1080 cogita·

231 1111 234 1116 ι
276 1077 390 1139 tionum
407 1085 537 1135 mearum
554 1080 711 1151 omnium,
734 1097 820 1158 quam
839 1077 914 1151 tibi,
931 1079 959 1137 si

276 1173 406 1235 potero,
429 1155 557 1217 breviter
582 1177 740 1238 exponam.
764 1156 856 1238 Ego,
874 1161 898 1215 si
919 1157 956 1216 ab

278 1237 418 1316 improbis
436 1283 446 1311 ‚
475 1238 509 1297 &
526 1237 645 1316 perditis
663 1237 772 1300 civibus
792 1238 957 1316 rempubli-

277 1336 345 1377 cam
368 1318 461 1377 teneri
483 1317 646 1391 viderem,
671 1321 743 1377 sicut
765 1316 796 1375 &
818 1315 961 1378 Cinnanis

277 1397 459 1476 temporibus
478 1397 602 1472 scimus,
618 1398 651 1458 &
669 1398 813 1457 nonnullis
830 1397 894 1456 aliis
909 1419 961 1458 acd

280 1475 376 1547 uidisse
397 1525 407 1552 ‚
435 1499 496 1538 non
515 1479 607 1559 modi>
631 1481 754 1559 praemiis
770 1523 779 1551 ,
798 1499 863 1558 quae
881 1477 960 1558 apud

278 1577 328 1618 me
358 1559 509 1617 minimum
537 1558 665 1628 valent,
692 1558 801 1619 sedne
826 1560 962 1639 periculis
993 1625 995 1628 .

281 1638 403 1718 quidem
431 1639 593 1718 compulsus
620 1638 708 1712 ullis,
737 1637 840 1717 quibus
861 1655 961 1699 tamen

279 1736 437 1780 moventur
455 1721 545 1780 etiam
562 1718 710 1779 fortissimi
727 1721 813 1788 viri,
845 1719 883 1778 ad
902 1738 961 1779 ee-

280 1819 346 1857 rum
365 1799 476 1858 causam
495 1820 542 1859 me
561 1797 767 1880 adjungerem,
786 1817 825 1856 ne
845 1801 870 1857 si
882 1796 961 1857 sum-

281 1897 330 1937 ma
350 1879 468 1958 quidem
484 1899 587 1938 eorum
606 1883 635 1938 in
653 1899 702 1937 me
724 1880 828 1938 merita
846 1877 965 1938 consta-

281 1974 356 2017 rent.
369 1959 473 2037 Quum
489 1977 584 2019 autem
598 1960 628 2017 in
642 1958 789 2038 republica
801 1954 861 2018 Cn.
875 1957 966 2025 Pom-

282 2040 366 2117 peius
384 2042 515 2120 princeps
532 2038 621 2112 esset,
638 2040 683 2098 vir
696 2042 721 2097 is
732 2086 742 2111 ‚
752 2042 802 2119 qui
816 2039 889 2099 hanc
904 2062 965 2120 po·

282 2121 426 2192 tentiam,
452 2118 483 2177 &
503 2118 623 2201 gloriam
642 2121 773 2177 maximis
792 2120 822 2177 in
839 2139 966 2200 rempu-

281 2197 389 2263 blicam
408 2201 542 2274 meritis,
563 2197 855 2279 praestantissimisque
876 2200 969 2261 rebus

284 2278 369 2359 gestis
406 2277 475 2339 esset
506 2279 706 2349 consecutus,
741 2275 878 2358 cuiusque
906 2298 968 2362 ego

284 2359 432 2439 'dignitatis
473 2359 509 2417 ab
542 2358 733 2419 adolescentia
761 2356 857 2418 fautor
885 2404 895 2432 ‚
935 2364 970 2420 in

285 2457 407 2519 praetura
435 2457 552 2514 autem,
573 2441 606 2500 ὃ(
628 2442 658 2497 in
682 2437 828 2498 consulatu
850 2438 967 2516 adjutor

284 2517 573 2592 etiamexslitissem3
594 2538 740 2600 quumque
760 2518 838 2578 idem
863 2520 966 2581 ausiu-

284 2602 368 2677 ritate
386 2645 404 2676 ,.
429 2601 462 2660 ὅ(
483 2600 702 2679 sententii·per
721 2598 757 2672 se
776 2642 786 2670 ‚
812 2597 969 2675 consiliis,

285 2681 319 2741 ὃ(
346 2679 442 2740 studiis
468 2697 573 2740 tecum.
587 2701 635 2740 me
658 2676 830 2755 adjuvisset3
853 2699 970 2739 meum-

288 2781 345 2843 que
369 2763 516 2820 inimicum
538 2780 628 2831 unum
654 2761 685 2817 in
713 2760 829 2818 civitate
848 2758 973 2821 haberet

287 2845 458 2913 inimicum3
476 2861 536 2899 non
558 2840 657 2920 putavi
675 2836 784 2898 samam
803 2838 972 2899 inconstan-

288 2926 335 2981 tiae
351 2922 420 2981 mihi
446 2918 703 2999 pertimescendam
717 2963 731 2993 ‚-
755 2920 780 2978 si
798 2918 969 2998 quibusdam

288 3003 319 3062 in
350 3002 494 3066 sententiis
524 3000 642 3081 paulum
669 3018 717 3062 me
748 2998 940 3062 inmutassem
958 3044 974 3076 ‚
