2184 3975
186 489 265 565 234
336 470 714 539 Errsrorarrurr

183 582 294 645 bitiosis
310 582 529 644 voluntatibust
548 583 579 641 in
601 600 662 663 quo
677 578 871 641 vehementur

183 682 252 724 eum
266 663 450 726 consentiens
459 661 571 722 Etruria
578 660 721 723 movebit.
733 659 798 722 Cur
808 662 868 723 hac

183 744 270 826 igitur
297 745 391 805 adhuc
442 762 522 803 arum
543 741 763 824 profecerunt?
788 740 869 821 Quia

185 844 247 884 non
267 843 349 905 putat
369 824 397 884 se
418 767 551 885 distinere
572 822 669 882 causas
736 818 775 882 lio
793 823 870 882 mui⁴

186 922 305 980 rorum,
322 909 346 965 si
363 905 434 978 tibi,
456 907 502 965 cui
526 900 624 981 justiiu
650 904 678 963 ν’
702 918 768 963 etur
788 901 869 962 irasci

183 982 292 1064 poffe,
318 982 494 1045 concefferit.
517 983 596 1124 (gua
617 978 659 1043 est
685 985 799 1064 igitur,
821 985 869 1043 in·

184 1066 288 1144 quies,
307 1062 371 1145 spes
389 1066 426 1124 ab
443 1068 517 1124 irato
561 1061 605 1122 Ex
624 1062 732 1124 eodem
744 1063 830 1124 fonte
842 1062 869 1124 se

183 1142 346 1204 hausturum
363 1145 499 1226 intelligit
515 1143 613 1203 laudes
626 1141 710 1218 sum,
729 1162 821 1225 equo
834 1146 870 1204 sit

182 1223 286 1285 leviter
313 1222 468 1305 adspersus.
490 1221 639 1284 Postremi>
661 1223 754 1283 homo
781 1223 869 1284 vaide

183 1302 226 1363 est
245 1323 364 1378 acutus,
383 1305 415 1365 &
436 1305 559 1365 multum
577 1302 760 1384 providem:
782 1304 871 1363 imel-

183 1382 246 1466 iigit
258 1429 268 1457 ‚
281 1383 484 1460 te,bominem
497 1386 528 1444 in
544 1400 626 1464 purte
644 1378 733 1443 italie
747 1384 872 1445 minime

182 1465 398 1526 contemnenda
408 1464 492 1526 facile
499 1466 629 1524 omnium
638 1464 868 1542 nobilissimum,

182 1544 216 1604 dc
234 1548 264 1604 in
282 1548 431 1606 communi
453 1545 600 1626 republica
622 1544 713 1604 cuivis
734 1544 871 1606 summo·

183 1645 248 1685 rum
268 1642 325 1685 tuae
341 1627 433 1686 atatis
454 1626 501 1686 vel
526 1627 666 1706 ingenio,
684 1625 735 1686 vel
753 1625 867 1708 gratid,

183 1706 231 1766 vel
242 1704 318 1765 fami
329 1707 429 1787 populi
439 1704 566 1765 Romani
583 1723 700 1785 parem,
715 1725 776 1765 non
787 1704 867 1788 posse

182 1786 330 1865 prohiberi
356 1786 505 1866 republicb
530 1786 645 1846 diutius.
687 1785 781 1847 Nolet
810 1784 867 1848 boc

180 1869 321 1948 temporis
331 1869 427 1946 potius
440 1865 496 1927 esse
508 1866 663 1948 aliquando
673 1865 867 1942 beneficium,

182 1946 269 2090 pubm
293 1944 351 2023 iam
372 1945 462 2009 suum.
479 1944 552 2010 Diui
575 1947 612 2011 de
631 1944 744 2012 Caesare
760 1966 770 2010 t
789 1966 867 2011 nuno

203 2031 278 2092 icam
295 2031 331 2091 de
342 2047 508 2111 temporum
518 2051 671 2112 rerumque
685 2049 796 2091 natura.
807 2028 868 2092 Ne·

182 2132 233 2171 mo
244 2110 284 2172 est
295 2128 354 2172 tam
369 2114 502 2171 inimicus
513 2114 541 2176 ei
554 2110 661 2182 causae,
676 2131 763 2190 quam
777 2110 867 2173 Pom·

180 2194 262 2271 peius
286 2192 427 2252 animatus
456 2192 586 2264 meliiis,
610 2189 696 2271 quim
721 2210 864 2272 paratus,

180 2270 360 2353 susceperat,
383 2274 431 2353 qui
452 2292 507 2332 rros
530 2272 623 2331 malos
642 2275 720 2331 cives
744 2272 864 2349 dicere,

182 2351 525 2431 authominesimprobos
537 2351 649 2412 audeat.
659 2350 691 2409 In
703 2372 762 2432 quo
775 2353 866 2413 admi·

182 2434 235 2490 rari
252 2430 332 2493 soleo
353 2435 540 2513 gravitatem,
561 2432 590 2490 &
602 2428 756 2508 justitiam,
773 2433 803 2491 ὃ(
816 2431 865 2492 sa·

182 2513 320 2592 pientiam
334 2498 452 2576 Caesaris
465 2533 472 2569 ε
484 2531 640 2591 numquam
654 2515 712 2571 nisi
722 2509 865 2574 honorid-

183 2592 345 2653 centissimb
364 2592 535 2671 Pompeium
553 2592 687 2671 appellat.
706 2593 746 2651 At
757 2594 787 2651 iu
800 2591 864 2673 ejus

182 2672 442 2815 535&bessss
459 2670 860 2816 issssi‘fibf‘³³¹m⁸3?‡b¹÷?

622 2794 631 2821 ‚
750 2791 758 2810 ,

181 2835 224 2895 At
242 2798 296 2893 iios
323 2831 567 2915 quemadmodum
592 2829 633 2888 est
657 2834 828 2910 complexus

182 2911 314 2974 Cassium
329 2914 383 2973 sibi
395 2913 518 2993 legavit,
538 2907 658 2969 Brutum
670 2909 775 2970 Galliae
787 2935 845 2993 prro

181 2990 250 3056 fecit
261 3038 271 3068 ‚
281 2993 436 3076 Sulpicium
447 2988 588 3065 Graeciae3
605 2990 778 3053 Marcellum
790 3038 800 3071 ,
817 3014 840 3057 cr
