2184 3975
167 492 227 557 492
378 477 633 536 Norunt-nn
682 496 730 535 ·.·

162 617 169 627 .
205 592 273 642 325,
290 575 315 626 6.
334 574 459 646 Consrpia.
474 579 492 629 i.
508 596 532 628 e.
551 580 662 634 munita,
678 583 710 626 ne
725 574 851 629 accusatio

165 653 255 705 ualeat.
266 651 303 701 itt
317 651 417 707 codices
429 652 500 720 regii.
519 651 570 702 nui
580 653 665 719 legunt
675 649 798 715 confide,
810 653 852 702 vel

166 743 210 776 con
229 723 271 772 ἂι.

165 723 441 864 Abidifrigessimus.
465 793 849 864 Forte‚1nqurtlirrdGrono·

165 869 245 927 vius,
266 866 414 936 senescimus.
439 871 506 921 idem
529 870 591 920 infra
616 869 677 937 legit
692 869 778 935 potiris
802 871 851 921 sinc

163 941 300 994 Parthis.
393 988 396 993 .

203 1013 273 1100 306,
288 1029 331 1065 22.
348 988 459 1065 Nonduin
476 1015 597 1065 retulerat.
613 1015 695 1064 Locus
714 1013 849 1075 obscurus,

164 1087 211 1139 nisi
232 1087 296 1138 forte
312 1089 441 1155 legendum
460 1105 513 1138 cum
531 1087 680 1155 Pantagatbo
694 1087 720 1138 ὃ(
740 1089 849 1146 Ursino.

165 1162 271 1215 mundum
287 1161 349 1209 rerul
349 1177 408 1211 erac.
428 1159 502 1211 Paulo
518 1159 570 1224 pbst
581 1161 644 1210 idem
661 1161 784 1220 Ursinus,
803 1177 848 1228 pro

164 1231 255 1283 minimi
274 1233 375 1289 vellem,
390 1234 487 1298 reponit
503 1231 594 1282 minimi
606 1234 706 1284 nollem.
844 1260 848 1277 ι

202 1318 270 1368 327,
284 1321 328 1369 27·
344 1305 373 1354 Si
381 1305 436 1371 quid
444 1306 469 1355 in
481 1305 574 1356 Thuriis
579 1302 629 1371 suis
643 1305 713 1371 effer,
727 1323 753 1355 ιιι
764 1305 850 1368 Vesto-

164 1377 213 1428 rius
230 1393 329 1428 teneret.
347 1378 363 1427 i.
376 1395 400 1428 e.
411 1378 528 1436 haberer.
545 1378 701 1443 possideret,
720 1395 769 1428 non
786 1393 848 1428 tarn·

165 1468 236 1518 quarn
245 1451 278 1500 ob
288 1451 393 1501 debitunt
403 1482 410 1509 ,
427 1452 491 1517 quod
502 1452 615 1518 exigebat
625 1451 770 1509 Vestorius,
782 1453 849 1502 Sem·

164 1523 264 1592 pronius
280 1523 422 1588 abjurabat,
434 1524 509 1574 sedin
526 1525 625 1591 gratiam
639 1524 766 1575 Ciceronis
784 1526 850 1575 arbi-

164 1597 196 1647 tri
212 1597 275 1646 inter
293 1612 336 1646 eos
357 1597 449 1662 sumpti.
470 1598 506 1647 Ita
526 1597 591 1646 Frid.
611 1596 753 1647 Gronovius
768 1597 850 1648 locum

164 1670 319 1727 emendavit,
331 1668 439 1734 proxime
449 1669 479 1718 ad
495 1670 577 1736 regios
589 1669 705 1728 codices,
721 1670 746 1718 in
763 1671 849 1734 quibus

164 1741 282 1792 mendose
293 1741 385 1792 tantiun
396 1743 502 1792 scribitur
519 1742 626 1806 injuriis,
645 1742 725 1807 proin
746 1741 849 1793 Thuriis.

162 1813 248 1880 Vulgi)
263 1815 343 1864 editur
352 1817 418 1865 nullo
428 1815 509 1874 sensu,
520 1816 541 1864 si
554 1815 609 1882 quid
617 1815 709 1881 injuriis
714 1811 765 1882 suis
776 1815 847 1882 effer,

161 1901 189 1935 ur
200 1886 322 1948 'Vestorius
337 1902 462 1937 teneretur.

199 1959 268 2024 328,
280 1973 305 2023 9.
321 1960 406 2027 Loqui.
424 1960 562 2013 Passionem
571 1960 655 2012 tribuit
662 1961 757 2021 verbo,
773 1960 847 2013 astio-

160 2048 216 2082 nem
235 2031 317 2099 potiris
332 2034 480 2100 requirenti:
501 2034 540 2084 sed
552 2036 674 2101 antiquum
691 2036 754 2091 suit,
769 2035 846 2101 inquit

160 2106 228 2157 Frid.
243 2104 401 2164 Gronovius,
415 2108 438 2156 id
451 2107 498 2165 est,
512 2107 658 2158 Coelianum.

198 2179 307 2242 33,06.
326 2179 375 2229 Sex
386 2180 505 2234 abducere
521 2180 597 2230 Retia
607 2192 690 2230 monet
701 2180 767 2231 Frid.
783 2180 848 2232 Groa

160 2252 265 2307 novius,
286 2252 397 2299 mendum
411 2252 474 2302 eiie'
468 2269 491 2300 ιιι
503 2270 622 2312 numero,
641 2270 681 2320 qur
674 2253 755 2303 haud
774 2254 847 2305 dubie

160 2321 237 2374 multi>
247 2322 324 2386 rnajor
334 2323 381 2372 effe
392 2324 484 2373 debuit.

196 2396 260 2446 lbid.
279 2409 321 2460 13.
340 2398 373 2445 A.
390 2396 429 2445 D.
440 2397 576 2465 pridiana.
594 2398 629 2447 lta
648 2399 717 2450 iocus
735 2399 846 2449 scribitur

136 2479 138 2482 “
159 2470 184 2519 ἱιι
202 2486 251 2518 uno
268 2485 282 2517 e
303 2470 375 2536 regiis
393 2469 445 2520 mff..
462 2484 489 2521 ut
504 2472 584 2520 voluit
603 2471 669 2521 Frid
690 2470 847 2523 Gronovius.

157 2541 242 2610 Vulgo
252 2542 331 2592 editur
345 2544 365 2591 1
381 2544 415 2594 V.
407 2560 485 2609 .quas
499 2544 593 2595 litteras
610 2546 733 2609 explicare
751 2546 845 2596 fatetur

157 2616 184 2667 se
197 2632 246 2665 non
263 2614 327 2680 posse
339 2616 471 2667 viuorius.

161 2702 262 2771 333,
281 2704 324 2751 27.
344 2690 493 2738 Curionem..
516 2688 644 2756 objurgatr
664 2708 692 2739 nc
708 2690 804 2757 repulsa
815 2688 845 2756 se

154 2761 263 2813 mutavit.
278 2762 315 2811 lta
327 2760 419 2811 Graevii
433 2763 510 2812 codex
528 2762 653 2827 optimus,
670 2779 716 2827 pro
726 2765 843 2830 vulgato,

156 2835 310 2886 Curionem...
332 2834 371 2885 ob'
359 2850 482 2902 jurgatus,
499 2834 643 2902 increpuisti
648 2831 675 2900 se
683 2839 793 2885 mutavit.
841 2867 843 2872 ·

193 2919 261 2972 334,
278 2919 322 2971 23.
333 2906 453 2958 Memoria*
465 2922 553 2957 ιιιιιαι.
570 2908 606 2958 lta
616 2907 682 2958 teile
693 2908 794 2959 codices
805 2925 845 2959 re·

153 2978 204 3048 gii,
219 2996 264 3045 pro
280 2981 380 3045 vulgato
393 2997 493 3032 teneres.

190 3065 204 3118 3
209 3066 222 3117 3
228 3068 253 3116 5.
268 3067 295 3117 4.
313 3052 342 3103 si
356 3054 447 3105 nullam
456 3050 555 3127 v(pent...
573 3052 713 3118 ostenderis.
731 3054 770 3107 Ite
785 3070 844 3118 cun
