2184 3975
154 298 160 463 l

291 505 364 578 Ao
381 508 807 585 erumnarum-11.
845 514 871 588 6
870 529 898 612 ς

248 651 295 715 M.
334 652 377 714 T.
408 651 447 715 C.
481 651 570 714 Ine.
602 653 648 719 M.
680 653 860 734 Curre,

310 755 451 818 AEnm
479 773 663 830 cunum,
688 754 718 816 S.
748 754 792 817 D.

204 882 489 955 'enumquam
504 887 601 955 disceffu
616 906 648 938 ex
660 888 801 956 provincia,
818 890 897 944 urben

237 965 378 1022 desiderat,
396 962 462 1027 crq'us
474 960 564 1029 sardus
578 960 767 1030 provincialibus
781 963 893 1029 profert:

237 1037 266 1160 Z
292 1036 398 1175 οεόνὶὲΐῖ
412 1035 460 1086 sibi
477 1035 571 1085 litteras
593 1035 658 1084 mirri
678 1034 795 1103 postulat.
820 1037 894 1091 Anno

203 1206 554 1336 insonamus
583 1275 722 1356 equidem
745 1294 825 1337 eram
852 1276 892 1340 de

200 1355 284 1416 rebus
303 1356 441 1432 urbanis3
455 1357 495 1416 ita
509 1357 691 1417 tumultuosae
708 1361 889 1432 conciones,

200 1437 236 1497 ita
270 1433 404 1496 moleste.
438 1435 637 1517 Quinquatrirs
668 1434 887 1499 afferebantur:

200 1535 267 1577 uam
289 1520 429 1578 citeriora
455 1518 587 1577 nondum
608 1517 803 1578 audiebamus.
829 1519 889 1579 Sed

200 1615 297 1658 nmen
317 1597 390 1657 nihil
409 1616 457 1658 me
477 1600 568 1680 magis
589 1596 778 1672 sollicitabat,
797 1599 887 1678 quam

199 1680 224 1738 in
245 1679 293 1739 his
315 1675 455 1739 molestiis
472 1699 532 1740 non
554 1699 623 1751 me,
645 1681 670 1737 si
685 1699 749 1757 quae
764 1680 887 1740 ridenda

200 1758 314 1833 essent,
337 1759 434 1820 ridere
451 1777 568 1819 recum:
591 1757 663 1817 sum²¹
674 1761 753 1817 enirn
769 1758 888 1832 multa3

200 1840 249 1900 sed
268 1861 306 1900 ea
325 1861 386 1900 non
411 1840 506 1900 audeo
523 1838 657 1898 scribere.
673 1837 747 1897 lllud
764 1839 885 1902 moleste

201 1919 288 1996 lero,
309 1921 379 1980 nihil
395 1929 442 1981 m'e
458 1920 551 1980 adhuc
566 1919 609 1980 his
627 1919 664 1979 de
678 1920 762 1980 rebus
776 1920 884 1983 habere

201 2019 315 2064 tuarum
339 2002 506 2063 litterarum.
523 1999 628 2080 ⁴Quare
646 2004 722 2075 ersi,
747 2024 836 2082 quum
850 2019 883 2065 tu

200 2081 260 2144 lraec
281 2084 384 2166 leges,
402 2102 459 2165 ego
475 2080 533 2162 jam
548 2096 673 2141 annuum
692 2104 797 2142 munus
811 2105 884 2144 con-

199 2163 327 2238 fecero,
360 2183 461 2224 tamen
491 2163 587 2225 obviae
613 2163 685 2222 mihi
708 2164 799 2225 velim
826 2167 883 2225 sint

198 2244 299 2307 linerae
322 2262 402 2319 tuae,
433 2264 497 2325 quae
520 2265 568 2305 rne
594 2246 724 2306 erudiant
742 2244 780 2305 de
800 2247 882 2306 omni

200 2327 367 2407 republica,
386 2344 423 2385 ne
443 2326 547 2406 hospes
565 2326 650 2406 plane
670 2329 806 2385 veniam:
823 2327 881 2387 hoc

200 2408 330 2479 niellus,
353 2406 441 2486 quarn
459 2425 515 2481 tu,
542 2406 637 2467 facere
659 2426 748 2466 nemo
773 2405 880 2487 potest.

200 2485 353 2570 Diogenes
375 2503 462 2561 tuus,
480 2487 572 2547 homo
593 2484 739 2546 modestus
760 2530 769 2559 ,
796 2507 879 2549 ame

200 2588 262 2628 curn
276 2566 400 2628 Philone
415 2566 583 2628 Pessinunte
600 2566 744 2627 discessit:
760 2569 814 2628 iter
828 2570 880 2629 ha·

200 2647 306 2710 hebant
329 2647 367 2706 ad
383 2648 542 2709 Larhurum
560 2667 679 2730 regem3
702 2668 878 2731 quamquam

201 2734 296 2789 omnia
321 2748 377 2787 nec
394 2727 537 2812 benigna,
558 2749 612 2789 nec
631 2728 748 2809 copiosa
766 2751 881 2812 cogno·

200 2829 270 2871 rant.
285 2810 422 2883 Urbem,
437 2813 562 2885 urbem,
577 2813 618 2871 rni
633 2809 729 2885 Rufe,
744 2812 809 2872 cole
820 2832 831 2882 ς
844 2810 878 2869 &

200 2892 226 2951 in
256 2889 307 2950 ista
336 2890 401 2950 luce
432 2894 515 2954 vive.
545 2891 652 2952 Omnis
682 2912 752 2973 pere
771 2891 878 2949 rinario

200 2970 212 3051 (
254 2971 317 3031 uod
346 2990 405 3051 ego
434 2974 469 3032 ab
500 2971 693 3034 adolescentia
715 2913 842 3050 juficavi

201 2994 316 3117 obhcura
331 3096 350 3130 ,,
371 3051 405 3115 δι
425 3051 537 3118 sordida
556 3057 613 3130 iis,
632 3071 757 3137 quorum
777 3049 829 3116 iud
859 3083 880 3136 7
