2184 3975
204 497 258 577 60
287 504 299 561 .'
356 497 745 575 Enterozmres

201 629 251 697 M.
276 625 317 692 Τ.
340 627 379 693 C.
411 629 548 694 Ceno
577 632 727 712 Ruso,
755 633 890 697 AEnrn

212 810 218 829 ..
257 726 432 827 §unum
455 751 717 825 nesrennro,
737 734 766 798 S.
784 732 827 798 D.

204 862 411 923 curvum
426 869 455 920 de
471 871 586 921 edidicere
601 872 717 931 obtenta,
733 869 810 920 Hirro
827 887 888 920 eon·

238 943 344 1014 periente
366 943 474 1010 dejesso,
499 945 528 994 in·
547 961 612 1010 quen
630 944 716 996 vereris
737 946 815 1011 peirn
833 961 888 1005 νιτ·1

239 1017 277 1070 die
290 1014 369 1085 faceri
380 1016 487 1086 jocetur.
504 1017 578 1069 Anno
598 1017 632 1073 U.
648 1020 675 1071 C.
692 1034 752 1086 7⁰2·

197 1117 436 1330 {Paruum
455 1187 527 1260 ribi,
548 1204 580 1248 ut
597 1187 716 1265 debeo,
737 1187 886 1272 grandom

237 1287 342 1354 torque
360 1292 449 1352 quum
468 1267 619 1351 praesenti,
636 1282 699 1333 rum'
714 1275 803 1332 etiam
820 1268 885 1350 spe-

194 1351 265 1412 rati
280 1352 331 1413 rud
351 1353 512 1436 dignitate,
531 1349 640 1428 seriis,
656 1374 717 1413 non
733 1352 886 1432 negligen-

197 1432 244 1492 na
257 1433 346 1508 mei,
362 1433 412 1495 sed
426 1432 610 1517 ignoratione
625 1453 720 1495 rerum
733 1435 886 1494 omniumr

196 1513 233 1573 in
256 1512 398 1575 insanin
419 1512 599 1586 sumlocis,
629 1516 688 1595 qub
708 1514 740 1574 &
763 1528 885 1594 propter

200 1592 253 1654 ion
276 1597 441 1674 ‘nqnirarem
458 1593 532 1668 ,-&
554 1612 674 1673 propter
702 1595 853 1655 latrocinia
871 1635 883 1665 ‚

196 1687 245 1735 mr
265 1676 484 1737 ssime-omnia
511 1672 703 1752 perferuntur.
729 1672 767 1734 Et
793 1691 882 1754 quum

195 1756 360 1839 gratnlor,
385 1772 450 1818 rum
465 1753 550 1818 nero
576 1755 679 1834 quibus
704 1755 802 1816 verbis
830 1754 883 1814 tibi

195 1849 544 1998 reserens
562 1835 887 1998 sirenem}

191 1998 271 2059 dnm
299 1996 446 2079 scripseras
471 1996 508 2056 ad
535 2014 584 2055 me
608 2038 619 2070 ‚
648 2017 736 2077 quem
767 1996 883 2078 semper

192 2077 293 2141 ridere
311 2076 466 2160 possemus.
484 2076 585 2157 ltaque
605 2118 616 2150 ‚
643 2097 732 2157 quum
753 2080 882 2161 primnm

194 2161 327 2233 audivi,
358 2178 417 2241 ego
437 2160 487 2218 ille
510 2155 570 2238 ipse
589 2156 679 2218 sadus
699 2156 782 2218 sum:
804 2158 881 2233 scis,

192 2259 289 2321 quem
307 2240 401 2301 dicam
413 2260 421 2298 z
433 2240 542 2329 egique
562 2259 665 2300 omnes
683 2240 748 2300 illos
765 2240 880 2301 adoles-

194 2336 316 2396 centes,
336 2340 409 2403 quos
426 2321 475 2382 ille
492 2318 608 2400 Jaffirar.
624 2318 754 2380 Difficile
772 2318 879 2382 estvlo-

190 2403 257 2484 qui.
287 2406 325 2464 Te
349 2408 441 2462 aurern
461 2403 648 2483 contenplans
668 2402 825 2480 absentem,
849 2404 879 2463 ὄν

189 2483 278 2563 -quase'
296 2502 382 2544 recum
406 2482 496 2544 eordrn
515 2485 660 2564 loquerer,
682 2486 779 2556 Non,
804 2486 878 2542 aede·

189 2564 245 2646 pol
254 2608 264 2637 ‚
281 2583 412 2644 quantam
431 2567 514 2647 egeris
535 2585 589 2624 ren
598 2608 610 2636 ,
635 2585 720 2644 neque
744 2582 877 2643 quantum

187 2641 307 2724 ficiens
314 2644 426 2725 feceris.
444 2645 541 2724 Quod
557 2646 624 2727 quia
642 2662 746 2725 praeter
761 2646 878 2725 opinio·

185 2745 264 2787 -nem
290 2726 360 2786 mihi
383 2726 552 2799 acciderat,
581 2723 743 2786 referebam
764 2744 813 2787 me
837 2727 876 2787 ad

191 2806 283 2868 illud:
299 2808 461 2868 Incredibile
478 2807 529 2866 doc
536 2803 640 2885 finden
656 2804 793 2885 objicitur.
811 2804 875 2868 Re·

189 2889 283 2967 pente
297 2888 369 2951 vero
381 2888 485 2949 incessi
498 2887 623 2947 omnibus
635 2887 749 2947 laetitiis.
764 2885 798 2946 In
814 2908 874 2967 qno

192 2988 283 3046 quum
314 2965 510 3049 objurgator,
542 2968 622 3048 quod
646 2970 736 3028 nimio
757 2970 873 3050 -gaudio

187 3066 266 3130 pene
295 3050 460 3133 desiperem
473 3094 490 3126 ,
516 3050 558 3113 ita
579 3068 628 3114 me
652 3048 869 3130 defendebam:
