2184 3975
198 463 280 562 '398
312 500 316 507 ·
353 463 745 537 Earsronrnurn.

151 561 154 570 ⁵
202 580 378 661 plurimim,
400 575 449 636 sed
472 577 559 635 etiarn
581 577 738 638 voluntate¹
758 595 792 635 ac
812 571 879 653 ludi·

203 662 249 719 cio
269 679 347 719 meo.
369 655 451 717 Volo
468 659 549 717 enim
568 656 708 731 rescire,
728 659 772 715 mi
788 654 881 727 Paete,

201 739 314 799 initium
333 737 405 798 mihi
421 735 608 816 suspicionis,
624 737 656 796 &
673 735 881 809 cautionis,&

201 819 360 900 diligentiae
379 815 458 877 fuisse
479 817 585 877 litteras
605 834 688 876 tuas:
714 818 821 897 quibus
841 816 880 875 lit·

201 901 271 958 teris
288 920 345 959 con
366 916 480 957 ruentes
493 895 607 957 fuerunt
622 899 686 957 aliae
699 895 802 978 postea
817 895 882 954 mul·

201 995 309 1048 torum.
339 919 415 1036 liam
437 976 605 1056 &Aquini
623 977 691 1052 ‚·&
713 976 883 1037 Fabrateriae

202 1059 323 1119 consilia
342 1055 405 1118 sunt
424 1059 493 1116 inita
513 1057 550 1118 de
575 1076 643 1130 me,
663 1077 730 1136 quae
748 1076 780 1121 te
796 1056 883 1119 video

202 1136 360 1209 inaudisse,
387 1137 443 1210 &,
473 1139 553 1216 quasi
578 1137 774 1209 divinarent,
800 1137 883 1217 quim

201 1219 246 1279 his
272 1217 408 1278 molestus
439 1213 526 1277 effem
547 1215 684 1289 futurus,
711 1217 788 1277 nihil·
810 1216 883 1277 aliud

200 1314 347 1380 egerunt,
367 1298 422 1356 nisi
439 1317 486 1356 me
509 1312 542 1357 ut
562 1299 768 1377 opprimerent
782 1296 883 1378 :·quod

200 1397 257 1460 ego
275 1399 335 1438 non
351 1376 511 1455 suspicans,
526 1379 666 1438 incautior
683 1376 819 1452 fuissem,
833 1379 883 1436 nisi

201 1475 263 1518 ate
284 1459 447 1518 admonitus
470 1454 568 1517 essem.
604 1455 817 1536 Quamobrem
835 1454 883 1518 iile

200 1556 266 1597 tuus
285 1542 391 1599 amicus
409 1538 486 1618 apud
504 1557 628 1597 menon
648 1555 718 1620 eget
736 1557 883 1599 commen·

200 1618 329 1680 datione.
361 1617 482 1678 Utinam
507 1631 542 1679 ea
569 1617 685 1684 fortuna
718 1619 883 1700 reipublice

202 1699 262 1772 sit,
283 1716 313 1759 ut
334 1699 382 1758 ille
404 1719 451 1758 me
472 1697 559 1779 quiam
581 1702 775 1780 gratissimum
816 1701 886 1760 ossit

200 1779 387 1860 cognoscere.
415 1777 474 1838 Sed
504 1778 572 1836 haec‘
593 1778 740 1839 haslcnus.
802 1799 820 1840 e
847 1779 883 1838 ad

200 1879 299 1919 coenas
318 1862 390 1919 itare
409 1855 531 1930 desisse,
554 1858 672 1920 moleste
695 1860 761 1920 feto
782 1878 790 1918 ε
818 1878 885 1918 ma·

200 1939 258 2020 gni
286 1941 364 1999 enim
391 1954 420 1998 te
452 1937 643 2001 deleslatione
669 1940 701 2000 ἃ
730 1939 884 2021 voluptate

199 2018 324 2099 privasti.
339 2017 456 2078 Deinde
471 2021 559 2078 etiam
573 2041 679 2080 vereor
694 2018 790 2102 (licet
806 2022 884 2080 enim

199 2118 303 2158 verum
334 2098 465 2180 dicere)
497 2119 533 2159 ne
559 2101 656 2160 nescio
687 2101 757 2181 quid
787 2100 884 2175 illud,

199 2179 279 2257 quod
303 2178 441 2251 solebas,
469 2178 627 2254 dediscas,
654 2181 687 2239 δι
714 2180 885 2241 obliviscare

201 2258 328 2316 coenulas
344 2257 452 2317 facere.
475 2258 553 2319 Nam
569 2263 694 2333 situm,
720 2281 812 2341 quum
830 2262 886 2320 ha-

198 2336 288 2397 bebas
310 2357 382 2417 quos
400 2340 566 2413 imitatem,
589 2362 650 2399 non
669 2341 795 2401 multum
815 2362 886 2421 pro·

198 2414 340 2478 siciebas:
359 2420 427 2499 quid
445 2441 520 2480 nunc
538 2438 568 2479 te
585 2418 726 2480 fasiurum
743 2440 848 2502 putem
869 2422 881 2480 l

200 2496 342 2577 Spurinna
358 2500 500 2578 quidem,
520 2511 610 2580 quum
622 2504 650 2561 ei
661 2521 725 2559 rem
742 2500 885 2561 demons-

199 2577 332 2653 traslem,
357 2581 389 2640 ὃ(
411 2583 502 2641 vitam
527 2597 607 2640 tuam
632 2580 812 2659 superiorem
831 2602 885 2641 ex·

201 2658 381 2738 posuissem,
415 2674 551 2741 magnum
578 2662 740 2740 periculum
766 2662 887 2722 summae

201 2740 365 2819 reipublicae
390 2738 630 2814 demonstrabat,
655 2745 709 2801 nisi
731 2742 769 2800 ad
794 2741 886 2822 supe·

201 2822 307 2895 riortm
325 2820 561 2882 consuetudinem
582 2840 663 2894 tum,
681 2843 772 2902 quum
789 2822 886 2883 Favo-

201 2902 267 2961 nius
292 2902 408 2976 flaret,
438 2899 623 2962 revertisses:
660 2902 718 2961 hoc
748 2921 884 2984 tempore

107 3027 109 3032 .
200 2976 269 3042 ferri
285 2980 392 3063 polle,
419 2983 443 3043 si
465 2980 540 3045 sorti
564 2998 599 3045 tu
615 2980 705 3064 frigus
724 2981 800 3045 serre
823 3004 886 3045 nott
