2184 3975
217 491 287 562 Ar>
303 440 629 566 FrmrrrmiLru.
644 491 703 567 Vl.
742 497 819 573 261‘

129 604 252 682 timeo,
274 607 307 669 &
333 608 370 669 ad
398 629 517 669 omnem
542 628 681 669 eventum
702 631 817 693 paratus

130 687 204 749 sum.
219 687 324 768 Quum
335 690 371 750 ali
392 690 441 749 uid
452 690 604 750 videbatur
615 696 708 752 caveri
718 691 819 773 posse,

129 783 195 829 tum
213 770 244 828 id
255 770 362 854 negligi
372 709 531 830 dolebam:
548 792 623 831 nunc
633 773 721 844 verb,
737 793 819 833 ever-

133 851 170 909 sis
189 851 326 912 omnibus
346 850 451 925 rebus,
469 871 560 930 quum
577 853 699 912 consilio
717 852 820 931 profici

132 930 204 990 nihil
225 933 339 1012 possit,
358 934 508 1011 unalratio
526 932 663 1006 videtur,
680 933 820 1014 quidquid

132 1011 268 1072 evenerit
278 1057 288 1087 ,
297 1010 373 1073 ferre
383 1012 531 1072 moderate
540 1031 550 1086 ;
559 1012 716 1094 praeserrim
731 1032 822 1094 quum

133 1094 268 1152 omnium
293 1113 488 1173 rerummors
513 1096 549 1152 sit
575 1113 737 1154 extremum
760 1115 769 1167 ;
790 1095 822 1154 &

134 1173 207 1232 mihi
228 1174 283 1232 sim
301 1173 451 1247 conscius,
479 1193 548 1246 me,
566 1175 663 1253 quoad
679 1175 791 1234 licuerit
811 1220 821 1249 ,

134 1251 270 1334 dignitati
285 1253 450 1335 reipublice
473 1253 640 1316 consuluisse
663 1273 672 1326 ;
693 1255 745 1328 dt,
765 1255 821 1315 hac

136 1334 241 1394 amissa
259 1380 270 1409 ,
291 1333 409 1395 salutem
438 1337 561 1396 retinere
588 1332 719 1397 voluisse.
745 1335 820 1395 Haec

136 1413 255 1495 scripsi,
270 1436 331 1474 non
349 1433 380 1476 ut
397 1415 434 1476 de
454 1436 502 1476 me
522 1419 585 1496 ipse
606 1416 753 1488 dicerem,
770 1415 821 1476 sed

136 1510 229 1570 uttu,
251 1498 301 1574 qui
318 1493 549 1575 conjunslissimi
563 1495 638 1555 fuisti
655 1516 770 1555 mecum
787 1495 821 1556 &

137 1573 279 1636 sententiis
290 1621 299 1650 ‚
312 1577 345 1636 &
362 1576 533 1650 voluntate,
553 1576 657 1637 eadem
669 1580 821 1658 cogitares.

138 1653 251 1738 Magna
263 1659 341 1717 enim
362 1656 521 1718 consolatio
540 1655 600 1732 est,
617 1679 706 1738 quum
722 1678 823 1718 recor-

140 1735 229 1811 dare,
251 1739 338 1798 etiam
360 1739 384 1798 si
405 1737 484 1798 secus
503 1738 658 1811 acciderit,
676 1755 707 1798 te
723 1755 821 1800 tamen

91 1834 94 1841 '
141 1817 214 1879 rede
228 1817 357 1899 vereque
373 1817 494 1879 sensisse.
504 1817 604 1900 Atque
616 1824 724 1880 utinam
734 1820 819 1898 liceat

142 1899 296 1981 aliquando
307 1899 403 1979 aliquo
418 1899 582 1980 reipublicae
592 1898 662 1962 statu
679 1923 733 1961 nos
747 1900 822 1975 frui,

143 1979 332 2062 internosque
344 1979 474 2042 conferre
483 1979 686 2043 sollicitudines
698 1979 824 2055 nostras,

145 2080 211 2142 quas
230 2063 398 2143 pertulimus
418 2079 499 2136 tum,
514 2083 604 2143 quum
625 2064 719 2122 timidi
739 2080 823 2143 puta-

145 2142 265 2216 bamur,
281 2146 348 2225 quia
371 2142 536 2204 dicebamus
558 2162 592 2203 ea
619 2142 732 2217 futura,
759 2165 824 2224 quae

147 2220 216 2284 frua
230 2222 304 2285 sunt.
325 2221 375 2285 De
396 2226 451 2284 tuis
473 2224 558 2284 rebus
578 2224 648 2283 nihil
671 2224 825 2305 essequod

148 2305 264 2377 timeas,
285 2321 388 2384 praetet
403 2304 542 2365 universae
562 2305 727 2385 reipublicae
749 2309 835 2366 inte·-

150 2384 250 2457 ritum,
275 2384 327 2445 tibi
347 2384 498 2445 confirmo.
523 2382 574 2457 De
601 2405 648 2445 me
666 2404 762 2445 autem
784 2390 825 2445 sic

151 2465 234 2525 velim
253 2462 380 2542 judices,
396 2482 535 2546 quantum
553 2485 609 2545 ego
627 2470 758 2545 possim,
776 2486 826 2527 me

153 2545 223 2621 tibi,
247 2544 331 2606 saluti
355 2564 431 2620 tuae,
460 2544 611 2624 liberisque
638 2548 692 2606 tuis
713 2545 828 2608 summo

153 2644 212 2687 cum
223 2623 317 2688 sludio
340 2624 444 2707 ptaesto
462 2626 575 2706 semper
589 2624 726 2688 futurum.
739 2628 827 2688 Vale.

288 2754 448 2817 Cicutio
483 2752 687 2814 Doutrro.

157 2896 200 2946 cr.
217 2895 354 2946 Domuum
366 2927 374 2954 ,
387 2894 417 2945 ι.
431 2894 508 2960 aqu
525 2894 579 2961 post
595 2910 696 2960 pugnam
715 2870 741 2939 rn‘
760 2883 831 2951 Trat-

182 2966 246 3035 salia
261 2968 290 3017 ab
309 2969 380 3017 annis
396 2966 535 3033 recefferat,
557 2966 580 3015 Θ
587 2963 662 3032 seritis
673 2981 749 3013 tamen
762 2962 829 3026 quim

186 3041 287 3103 Cicero,
308 3038 352 3110 spe
369 3040 441 3093 veria
462 3040 612 3111 impetranda
626 3049 722 3090 verterat
740 3034 765 3085 iu
779 3031 831 3093 ltr-¹
