2184 3975
283 514 352 589 'An
373 518 594 591 rinnau.
616 468 767 593 ΠΜ.
797 530 877 628 453'

189 635 291 718 deque
312 634 366 696 alia
381 655 414 696 re
437 633 598 710 referrent,
613 651 708 698 totam
722 638 883 720 rempublij

191 736 259 781 carn
278 715 342 779 sum
362 717 553 798 complexus,
581 721 686 798 egique
712 721 878 794 acerrime,

193 796 382 878 senatumque
402 795 461 877 jam
481 798 667 879 languentem
689 797 879 860 &defessum

193 877 232 939 ad
251 875 562 960 pristinam.virtutem
583 876 878 960 consuetudinemque

193 960 358 1031 revocavi,
377 960 467 1040 magis
487 959 595 1031 animi,
611 957 698 1039 quint
715 961 822 1042 ingenii
835 962 882 1021 vi·

195 1038 285 1100 ribus.
302 1038 360 1098 Hic
379 1039 462 1113 dies,
481 1057 603 1120 meaque
623 1043 775 1101 contentio
793 1057 881 1120 atque

196 1117 271 1180 adio
294 1130 310 1192 ,'
332 1117 413 1199 spem
444 1121 571 1200 primum
600 1121 714 1200 populo
743 1119 882 1182 Romano

197 1201 293 1262 attulit
314 1200 452 1261 libertatis
482 1201 695 1281 recuperandae.
723 1200 788 1262 Nec
806 1201 882 1262 verb

198 1279 259 1362 ipse
311 1279 388 1342 ossea
404 1290 532 1361 'ternpus
564 1280 655 1339 ullum
676 1282 818 1341 intermisi
843 1281 881 1342 de

199 1300 348 1444 republica
363 1381 423 1422 non
442 1360 588 1455 cogitandi
601 1359 715 1434 solum
730 1358 779 1422 sed
794 1362 883 1421 etiam

201 1441 318 1525 agendi.
345 1440 441 1521 Quod
467 1444 522 1502 nrsi
543 1460 589 1500 res
617 1440 737 1500 urbanas
763 1438 893 1522 asiaque·

202 1524 301 1584 omnia
315 1522 353 1582 ad
370 1540 400 1583 te
416 1521 537 1602 perferri
553 1521 723 1595 arbitrarer,
741 1521 801 1601 ipse
817 1540 886 1601 per-

202 1602 374 1676 scriberem3
386 1623 562 1685 quamquam
572 1621 651 1662 eram
659 1602 790 1661 maximis
801 1621 896 1661 occu·-

204 1683 367 1766 pationibus
385 1684 554 1768 impeditus.
578 1681 637 1744 Sed
655 1681 705 1742 illa
728 1680 896 1764 cognosces·

204 1784 240 1827 ex
262 1765 345 1839 aliis3
373 1787 390 1824 a
410 1784 459 1825 sne
476 1783 588 1847 pauca,
608 1762 641 1824 dt
661 1782 696 1824 ea
715 1760 889 1826 summatim,-

204 1844 356 1906 Habemus
371 1843 480 1906 sortem
492 1845 639 1917 senatum·,
652 1841 813 1904 consulares
847 1865 890 1904 ar·

204 1925 259 1989 tim
275 1925 413 2001 timidos,
431 1929 534 2008 partim
549 1925 626 1984 male
638 1923 802 1986 sentientes.
821 1865 856 1984 sl

227 2028 298 2067 num
320 2006 457 2068 damnum
479 2007 585 2067 sadum
600 2004 692 2066 estin
712 2004 826 2066 Servio.
852 2006 895 2067 L0'

207 2028 307 2151 {asar
325 2089 435 2170 optime
450 2086 550 2148 sentit:
573 2084 646 2158 sed,
666 2086 746 2166 quod
764 2107 892 2146 avuncu-

207 2168 253 2229 lus
279 2167 342 2243 est,
372 2190 432 2229 non
459 2165 611 2229 acerrimas
633 2165 701 2227 dicit
725 2164 895 2228 sententias.

208 2246 354 2313 Consules
375 2251 502 2331 egregii:
523 2247 674 2330 praeclarus
699 2244 742 2306 D.
762 2245 891 2311 Brutus:

210 2348 286 2413 puer
302 2332 433 2412 egregius
450 2328 565 2403 Caesar,
584 2328 620 2388 de
642 2348 702 2408 quo
718 2326 803 2408 spero
816 2329 894 2409 equi·

211 2411 283 2473 dem
302 2411 421 2491 reliqua.
447 2410 517 2471 Hoc
539 2409 613 2470 verb
632 2424 743 2469 certum
761 2408 894 2482 habeto,

212 2493 270 2553 nisi
284 2490 333 2551 ille
345 2508 501 2552 veteranos
510 2539 513 2542 .
522 2490 653 2549 celeriter
665 2486 871 2568 conscripsisset
883 2533 895 2561 ‚

212 2570 401 2655 legionesque
422 2570 487 2631 duae
506 2570 543 2630 de
566 2568 693 2629 exercitu
714 2568 837 2629 Antonii
857 2569 896 2629 ad

214 2652 278 2732 ejus
300 2649 328 2712 se
358 2651 556 2712 audloritatem
576 2644 784 2721 contulissent,
810 2665 898 2727 atque

216 2736 240 2794 is
261 2733 413 2813 oppositus
435 2729 505 2792 ellet
527 2748 620 2790 terror
639 2726 794 2800 Antonio,
825 2728 897 2788 nihil

218 2814 383 2875 Antonium
399 2810 532 2884 sceleris,
551 2809 624 2869 nihil
641 2807 813 2868 crudelitatis
827 2829 901 2888 prae·

217 2896 370 2957 teritumrn
386 2890 476 2953 fuisse.
495 2891 571 2951 Haec
585 2890 638 2949 tibi
655 2890 710 2949 etsi
727 2887 823 2948 audita
841 2885 900 2949 effe

220 2973 393 3048 arbitrabar,
404 2973 486 3034 volui
497 2990 595 3034 tamen
609 2967 723 3029 notiora
737 2965 803 3029 esse.
813 2966 899 3033 Plura

220 3055 361 3135 scribam,
378 3056 402 3117 si
420 3054 486 3138 plus
505 3053 559 3117 otii
575 3047 822 3116 honeravit.
897 3087 901 3097 ·

873 1957 889 1978 C
