2184 3975
200 491 278 580 '322
349 479 730 549 Ertsrotnnunt
781 504 783 508 ·

300 621 463 686 Cunus
502 619 715 683 thunout
754 618 786 682 S.

196 755 347 810 Murum
374 753 401 824 fe
436 755 545 806 Ciceroni
570 754 689 824 significat
719 771 750 805 ex
781 749 880 805 Parasiti
928 764 929 769 ’

236 829 296 880 belli
308 828 376 896 flama
395 828 424 879 ob
439 828 583 897 paucitatem
600 828 721 896 copiarum
737 827 797 892 ejus.
813 826 880 877 Addit

237 904 267 952 de
278 899 425 970 successione
436 901 629 970 prouinciarum,
650 897 743 968 ejusque
764 901 881 950 tarditate.

238 975 336 1044 Scripta
355 974 429 1043 pauli
444 975 499 1040 post
513 971 679 1042 superiorem:
710 973 804 1043 utrique
820 973 882 1024 etita

238 1049 288 1098 und
304 1046 428 1116 respondet
445 1047 545 1105 Cicero,
568 1065 616 1116 qua
634 1047 667 1112 est
684 1046 729 1098 did.
747 1065 776 1099 2·
793 1047 885 1098 decima.

237 1120 313 1172 Anno
334 1120 368 1173 U.
386 1123 413 1171 C.
433 1137 493 1184 7⁰2·

170 1322 173 1333 '
207 1249 371 1406 50QUA
397 1337 427 1379 tu
448 1317 516 1378 eund
537 1315 607 1388 sis,
640 1317 716 1396 quod
737 1318 781 1376 ad
796 1336 888 1398 pacem

198 1403 349 1480 prouincia
365 1419 418 1460 tua
429 1400 662 1478 finitimarumque
676 1398 818 1478 regionum
826 1399 888 1456 etti·

203 1498 269 1552 net,
289 1481 377 1560 nescio
392 1502 401 1540 .·
429 1502 476 1561 ego
491 1480 601 1558 quidem
620 1481 794 1538 uehementer
806 1477 889 1538 otiati

200 1563 318 1641 pendeo.
345 1564 422 1623 Nam
442 1560 468 1620 si
494 1560 544 1620 ltoc
569 1560 704 1618 moderari
722 1556 889 1640 poffemut,

202 1646 237 1701 'ut
252 1664 304 1724 pto
322 1643 427 1701 viribus
447 1642 587 1722 copiarum
606 1658 716 1701 tuarum
734 1641 805 1701 belli
824 1661 890 1721 quo·

207 1743 258 1802 que
286 1724 419 1799 exsisteret
444 1721 630 1802 magnitudo,
664 1722 726 1797 o„
762 1740 891 1800 quantum

207 1803 303 1883 gloria
331 1805 518 1882 triumphoque
540 1822 609 1881 opus
628 1799 718 1878 effet,
742 1800 891 1882 afftquere·

207 1903 284 1953 mur,
301 1883 532 1962 periculosamque
551 1881 578 1940 θ’
593 1904 702 1961 grauem
718 1882 800 1942 illam
814 1883 893 1942 dimi·

205 1962 337 2021 tationem
355 1965 538 2033 evitaremus,
554 1963 627 2021 nilu'l
641 1980 698 2022 tam
717 1959 781 2041 effet
797 1982 893 2044 optan-

206 2042 281 2102 dum.
307 2046 393 2102 Nune
426 2045 451 2102 si
482 2044 607 2102 Parthus
636 2063 724 2103 mouet
755 2046 892 2124 aliquid,

201 2124 260 2202 seio
277 2147 330 2183 non
349 2124 507 2183 mediocrem
517 2119 580 2203 fitne
599 2126 816 2185 contentionem:
831 2144 892 2186 tuus

202 2205 286 2283 porro
304 2205 438 2262 exereitus
460 2206 511 2261 uix
531 2224 616 2264 unum
629 2203 736 2284 saltum
757 2207 830 2265 tueri
842 2228 893 2288 po·

205 2286 260 2362 test.
284 2285 371 2342 Hanc
404 2301 495 2341 autem
521 2305 599 2346 nemo
626 2288 703 2346 ducit
730 2289 892 2359 rationem,·

199 2362 254 2443 fed
276 2365 368 2424 omnia
393 2364 583 2424 desiderantur
604 2367 639 2425 ab
660 2388 691 2426 eo
721 2362 893 2447 (tamquam

205 2443 278 2503 nihil
297 2446 456 2525 denegatum
484 2447 521 2504 sit
548 2446 599 2518 ei,
625 2448 676 2524 qud
700 2446 794 2506 minus
814 2449 893 2527 qudtn

202 2525 398 2604 paratissimus
411 2520 499 2604 efftt)
517 2526 565 2604 qui
577 2527 690 2606 publico
705 2530 812 2608 negotio
824 2550 894 2609 pta·

203 2605 313 2686 positus
331 2608 374 2686 εβ.
390 2606 509 2664 Accedit
525 2607 597 2679 leuc,
613 2608 686 2685 quod
695 2607 893 2685 successionem

200 2681 326 2766 futuram
354 2702 465 2765 propter
493 2686 653 2745 Galliarum
679 2691 891 2749 controuersiam

210 2786 266 2825 non
300 2768 390 2825 uideo.
425 2768 544 2825 Tametsi
574 2769 626 2825 ltac
659 2770 693 2825 de
720 2790 747 2826 te
772 2788 842 2849 puto
868 2786 892 2828 te

210 2847 400 2927 constitutum,
426 2847 494 2924 quid
505 2844 630 2922 fndurus
651 2846 743 2925 effes,
771 2850 866 2909 babere
876 2870 891 2922 ‚⁰

210 2943 325 3004 tamen,
350 2926 402 3006 qud
423 2925 558 2987 maturius
583 2930 787 3009 constitueres,
814 2950 891 3010 quum

208 3005 280 3067 leuno
301 3026 422 3072 euentum
437 3006 638 3087 providebam,
659 3009 747 3090 eistete
767 3012 802 3093 est
819 3028 849 3072 ut
866 3028 890 3070 tt
