2184 3975
282 502 352 572 An
366 506 589 573 Fauiam.
604 505 690 575 Lm.
706 502 763 575 VI.
800 521 877 597 257
945 482 947 486 ⁵

197 614 288 681 videri
304 618 425 690 scribis,
445 636 503 698 ego
524 639 641 699 quoque
663 618 770 698 aliquid
788 616 849 677 sum
865 640 876 692 ;

198 701 239 766 ¹sin
261 698 361 770 aliter,
380 718 440 758 non
451 697 570 772 recuso,
584 703 674 780 quin,
689 717 827 778 quantum
839 698 877 761 de

195 780 243 851 illo
259 780 357 852 libro,
373 778 555 838 tantumdem
567 780 603 839 de
619 783 679 839 mei
695 777 878 857 judiciifama

196 859 370 920 detrahatur.
393 857 516 939 Leptam
535 859 665 919 nostrum
685 863 769 939 cupio
784 859 879 919 delec-

196 943 245 998 tari
266 937 330 1019 jam
345 938 449 998 talibus
471 937 603 1019 scriptis:
623 943 676 1000 etsi
692 938 770 999 abest
789 958 882 1000 matu·

196 1023 260 1081 titas
285 1023 398 1093 aetatis,
418 1015 477 1096 jam
497 1037 595 1080 tamen
620 1019 774 1100 personare
798 1041 880 1081 aures

196 1097 254 1178 ejus
274 1096 440 1179 hujusmodi
465 1100 587 1160 vocibus
610 1123 672 1160 non
698 1099 739 1162 est
765 1102 880 1162 inutile.

195 1180 245 1242 Me
256 1179 366 1241 Romae
376 1181 468 1240 tenuit
477 1183 597 1241 omnino
610 1179 714 1241 Tulliae
724 1202 797 1242 meae
810 1204 878 1262 par-

196 1278 246 1322 tus.
261 1261 322 1323 Sed
340 1281 431 1342 quum
446 1280 498 1334 ea,
508 1263 755 1342 quemadmodum
772 1261 878 1342 spero,

197 1341 257 1403 satis
277 1341 363 1403 firma
376 1343 432 1419 tit,
451 1358 555 1402 teneor
565 1361 684 1418 tamen,
703 1343 773 1403 dum
784 1365 802 1402 a
812 1341 880 1404 Do·

195 1423 305 1495 labellae
314 1424 546 1504 procuratoribus
553 1427 667 1506 exigam
676 1425 879 1504 primampen·

196 1506 310 1565 sionem
333 1525 340 1564 :
361 1503 415 1578 &‚
435 1504 600 1565 mehercule
621 1550 630 1578 ‚
651 1526 712 1564 non
739 1522 799 1564 tarn
818 1504 879 1564 sum

196 1587 394 1668 peregrinator
411 1581 488 1661 jam,
500 1585 587 1664 quim
598 1584 736 1645 solebam.
748 1582 880 1645 AEdificia

196 1687 259 1727 mea
279 1685 330 1726 me
349 1663 529 1726 deleilabam
550 1712 560 1741 ‚
584 1666 616 1727 &
636 1668 738 1726 otium.
760 1662 878 1726 Domus

197 1745 252 1822 est,
275 1767 342 1828 quae
363 1746 434 1806 nulli
455 1747 589 1806 villarum
614 1766 744 1806 mearum
765 1746 850 1807 cedat
867 1766 878 1820 ;

198 1831 306 1903 otium,
328 1829 410 1886 omni
428 1825 619 1887 desertissima
635 1829 753 1909 regione
776 1823 880 1904 majus.

194 1905 294 1991 'ltaque
314 1927 352 1968 ne
368 1905 468 1967 litterae
486 1909 604 1990 quidem
624 1929 696 1969 meae
713 1908 878 1988 impediun-

198 2007 238 2051 tur
251 2009 265 2064 ‚·
286 1992 319 2049 in
345 1990 450 2069 quibus
475 1991 536 2053 sine
562 1989 620 2050 ulla
644 1989 877 2069 interpellatione

200 2069 305 2132 versor.
326 2067 449 2148 Quare,
468 2086 501 2129 ut
521 2071 663 2144 arbitror,
687 2071 765 2149 prius
782 2070 828 2127 hic
847 2087 878 2131 te

200 2172 269 2224 nos,
287 2149 377 2231 quiem
387 2147 445 2209 illic
464 2166 495 2211 tu
512 2171 566 2209 nos
582 2148 705 2211 videbis.
717 2149 808 2229 Lepta
818 2148 881 2209 sua·

200 2234 330 2292 tissimus
352 2228 457 2292 ediscat
479 2230 643 2293 Hesiodum
658 2250 669 2305 3
682 2230 713 2292 &
729 2230 833 2293 habear
846 2232 878 2295 in

202 2333 264 2388 ote,

322 2398 374 2459 Τῖε
389 2388 413 2452 d’
425 2394 507 2471 ript'lit'e
522 2388 628 2471 lipare·

309 2519 475 2584 Ciczno
504 2520 645 2581 Lem
671 2518 700 2581 S.
714 2518 757 2582 D.

206 2653 293 2720 vin
313 2653 392 2721 Cesar
407 2654 475 2705 ludos
489 2655 628 2723 regionatim
644 2656 738 2704 datum
749 2652 804 2720 effer
812 2689 821 2713 ,
839 2654 880 2705 eu-

235 2729 349 2779 rotionem
368 2745 447 2777 eorum
461 2728 541 2795 Lepta
555 2728 689 2783 ambiebat,
712 2728 750 2776 cui
761 2729 786 2775 id
797 2730 880 2777 Cicero

236 2800 346 2866 diffundet
356 2835 365 2857 ,
381 2798 492 2867 diffis⁰³⁹
511 2818 611 2868 propter
632 2801 802 2850 multitudinem
821 2800 881 2857 imi,

236 2891 336 2933 norum,
358 2872 478 2941 impetrari
491 2873 566 2943 poffe.
583 2875 655 2925 Anno
672 2873 704 2924 U.
721 2876 748 2923 C.
765 2873 823 2937 708.

211 3056 250 3124 to.
260 2968 482 3105 Maculam
494 3038 591 3105 officio
603 3038 731 3104 fimdlum
743 3035 798 3101 effe
812 3050 880 3123 gau-j
