2184 3975
427 279 531 338 eadem
549 279 629 337 enim
643 279 725 334 causa
741 295 760 334 o
782 294 813 334 es
830 295 908 334 meas
923 279 1012 357 fregit

428 372 509 418 tuam
528 355 648 418 salutem
669 357 701 414 in
721 353 748 414 d‘
764 357 872 416 crimen
893 355 1012 417 adduxit

426 454 551 513 tamen,
568 438 638 519 quid
660 435 709 495 uid
729 438 770 496 im
808 458 826 495 0
845 439 951 498 veteris
966 457 1012 498 me

467 521 565 592 itatis,
593 458 733 599 quisquid
756 538 786 577 re
799 520 881 598 iquiae
904 519 1002 599 gratiae

425 539 517 674 ἔξω
534 597 673 672 studium,
688 597 860 669 consilium,
877 618 968 678 opera
975 619 1012 680 ,p

425 678 501 741 fides
519 701 604 741 mea.
626 678 707 740 nuslo
723 679 791 739 loco
812 678 904 739 deerit
918 681 973 739 tuis
988 701 1012 760 ο]

425 759 569 823 fratribus.
587 757 635 818 Tu
655 759 700 819 sac
715 759 820 819 habeas
835 759 942 820 sortem
958 762 1012 820 anir

425 861 515 924 quem
540 841 654 920 semper
683 838 829 914 habuisti,
853 843 1012 920 primhmc

425 923 545 997 causas,
573 943 642 1002 quas
667 920 788 1002 scripsi3
818 921 947 995 deinde,
968 923 1012 1005 qui

426 1003 463 1064 de
483 1004 631 1084 republica
657 1002 769 1085 semper
793 1000 906 1063 voluisti
927 1018 1012 1085 atque

424 1081 482 1144 sisti
494 1128 508 1158 ,
520 1102 552 1144 ur
569 1104 629 1142 non
647 1083 739 1143 modb
760 1104 835 1142 nunc
853 1083 977 1162 secunda
993 1082 1012 1166 sl

424 1163 531 1225 debeas
553 1183 564 1236 ·,
591 1163 640 1224 sed
668 1165 785 1237 etiam,
811 1165 834 1221 si
859 1166 957 1224 omnia
987 1186 1012 1225 ar

423 1243 537 1318 essent,
560 1260 659 1304 tamen
681 1243 853 1304 conscientia
871 1245 902 1305 &
919 1244 1012 1306 sasson

421 1326 611 1386 consiliorum
630 1342 764 1397 tuorum,
782 1346 970 1407 quaecumque
984 1348 1012 1407 a

422 1421 512 1478 rent,
534 1403 693 1466 fortissimo
712 1405 745 1466 &
765 1409 891 1468 maximo
912 1410 1010 1470 animo

423 1485 557 1546 deberea
568 1484 658 1547 Vale.

480 1603 483 1608 ¹
552 1615 969 1680 ercrnohcmo.

421 1748 496 1824 Qvi!
512 1770 564 1802 cunr
582 1749 671 1817 Casare
689 1752 761 1818 egerit
777 1754 805 1801 de
824 1751 916 1821 Lr'garr'r'
931 1753 1012 1814 restim

456 1825 480 1875 6·
497 1844 563 1892 quam
576 1823 642 1892 spem
656 1821 744 1890 salutis
759 1826 863 1884 habeas,
882 1827 1011 1885 declarat5

455 1899 564 1949 letitiam
582 1899 702 1949 sonatur..
718 1898 812 1949 Eodem
829 1915 904 1950 anno.

482 1986 557 2047 M
