2184 3975
248 457 322 537 180
361 455 837 532 :Enrsrorrnon..·.÷‚

242 569 359 646 inania,
378 570 434 631 sint
455 566 553 635 evulsa
567 582 606 630 ex
623 567 704 630 omni
719 565 863 630 memoria
879 563 929 629 ei⁴¹

243 667 331 733 taque
353 651 456 713 nostra.
479 649 507 710 Is
526 651 604 711 enim
620 668 652 712 tu
667 653 781 723 vines,
804 648 846 709 &=
858 669 929 708 eum

243 752 292 793 rne
319 730 374 794 effe
405 735 521 813 cupio,
550 747 584 793 ut
604 734 751 813 quoniam·
765 733 796 790 in
819 730 931 814 eadent

243 813 410 894 reipublicae
433 828 567 893 tempora
586 811 760 885 incidimus,
782 808 931 888 conjunc-⁴

245 896 359 955 tionem
398 896 611 973 amicitiamque
648 891 777 953 nostiam
812 895 932 972 utrique

245 973 374 1036 nostriim
398 975 475 1035 laudi
494 972 607 1055 sperem
624 971 697 1034 fote.
723 972 932 1051 Quamobrem

246 1074 279 1117 tu
301 1072 441 1137 quantum
463 1071 515 1115 tuo
533 1050 641 1133 judicio
665 1053 850 1114 tribuendum
872 1050 931 1114 effe

247 1137 333 1198 nobis
356 1153 459 1218 putes,
481 1133 584 1197 statues
601 1133 683 1215 ipse3
704 1135 757 1208 dc,
774 1152 807 1195 ut
821 1132 931 1214 ᾤετο,-

247 1215 351 1278 statues
371 1238 407 1279 ex
421 1213 516 1284 nostra
533 1216 683 1298 dignitate.
701 1214 766 1298 Ego
786 1215 860 1277 verb
875 1215 932 1276 tibi

247 1297 389 1380 profiteor
406 1317 493 1380 atque
530 1298 805 1361 olliceoreximium
818 1295 852 1355 &
868 1299 931 1356 sin-¹

248 1380 346 1462 gulare
374 1399 473 1440 meum
504 1319 627 1439 liudium
654 1380 683 1438 in
711 1381 793 1439 omni
822 1396 932 1456 genero

250 1458 365 1535 officii,
394 1459 474 1541 quod
500 1459 538 1520 ad
556 1456 739 1522 honestatem
756 1459 792 1518 8(-
827 1458 933 1518 loriam

250 1557 331 1601 tuam
351 1540 476 1622 speclet:
500 1545 529 1601 in
551 1562 610 1624 quo
630 1543 742 1602 etiamsi
763 1559 795 1599 tn
826 1541 849 1598 ti
866 1559 932 1601 me-¹

250 1643 318 1682 cum
341 1622 517 1684 contendent
541 1666 551 1695 ,
575 1640 674 1683 tamen
700 1641 791 1703 quum
813 1619 932 1702 reliquis

251 1702 418 1779 omnibus,
450 1719 512 1763 tum
539 1700 651 1764 Crassis
678 1705 732 1762 tuis
758 1700 933 1780 judicibus,

251 1804 355 1845 omnes
373 1784 456 1844 facile
469 1784 628 1865 superabo:
648 1804 721 1866 quos
740 1783 859 1863 quidem
874 1802 935 1865 ego

251 1865 340 1924 ambo
359 1867 444 1926 unice
462 1865 575 1947 diligo,
597 1864 646 1925 sed
669 1867 699 1924 in
718 1863 822 1925 Marco
842 1864 936 1924 tenea

250 1945 382 2007 volentis
400 1948 512 2025 impari.
541 1945 610 2006 Hbc
626 1945 724 2028 ‚magis
744 1944 805 2006 sum
828 1943 936 2007 Publio

252 2024 389 2100 deditus,
408 2027 488 2107 quod
507 2048 578 2101 me,
600 2048 774 2109 quamquam
798 2047 815 2084 a
833 2029 937 2107 pueri-

252 2109 293 2167 tia
314 2105 362 2168 sua
379 2105 513 2189 semper,
526 2127 623 2170 tamen
642 2109 698 2169 hoc
721 2126 854 2188 tempore
873 2128 937 2167 ma·

172 2188 174 2191 ’
252 2189 354 2263 xime,
372 2192 445 2249 sicut
462 2191 584 2250 alterurn
603 2206 775 2269 parentem,
792 2188 824 2247 &
839 2187 937 2253 obser·

253 2286 327 2343 vat,
349 2270 380 2330 δι
400 2272 501 2352 diligit.
526 2270 588 2330 Has
603 2273 711 2332 litteras
727 2271 816 2333 velim
834 2266 936 2330 existi-2.

254 2369 317 2410 mes
344 2350 463 2412 foederis
493 2352 636 2412 habituras
650 2351 721 2414 esse
746 2353 808 2412 vim
830 2394 840 2421 ,
874 2371 936 2409 non

253 2429 402 2511 epistola,
421 2453 525 2514 tneque
548 2453 603 2505 ea,
636 2455 699 2514 quae
720 2433 774 2493 tibi
793 2433 936 2511 promitto

254 2532 288 2571 ac
321 2515 461 2593 recipio,
489 2513 660 2575 sanffissime
681 2510 738 2573 esse
762 2509 938 2575 observatu-¹

253 2612 350 2667 rum,
387 2594 603 2677 diligentissimi
623 2615 659 2656 ue
695 2591 750 2655 effe
786 2591 938 2654 saslntum.

255 2670 336 2751 Quae
347 2688 374 2733 ‘a
390 2696 437 2735 me
460 2674 587 2755 suscepta
604 2616 736 2741 defensio
753 2673 813 2747 est,
832 2689 863 2733 te
885 2674 938 2733 ab*¹

253 2752 333 2814 sente
349 2799 357 2827 ‚
373 2755 518 2837 dignitatis
534 2774 609 2831 tuae,
623 2759 652 2816 in
669 2777 715 2820 ea,
726 2754 786 2830 iarn
802 2774 861 2836 ego
876 2775 937 2815 non

254 2832 347 2894 sollum
368 2839 498 2896 amicitiae
524 2836 627 2898 nostrae
651 2883 660 2911 ‚
686 2836 735 2897 sed
754 2838 843 2897 etiarn
861 2856 939 2895 con·-

256 2912 364 2976 stantiae
394 2937 467 2979 meae
493 2918 578 2979 causi
600 2916 790 3000 permanebo.
816 2915 938 2994 Quam‘

250 2993 359 3067 ‚obrem
385 2996 450 3063 satis
473 2998 530 3062 effe
554 3000 612 3064 hoc
631 3018 764 3083 tempore
784 2998 938 3074 arbitratus
