2184 3975
191 437 270 529 '184
310 434 727 512 :armenzanum
767 502 771 507 .

184 553 312 635 sosibius
330 552 408 629 firm,
432 572 521 615 tamen
541 555 591 614 lrac
600 547 726 634 stistinere
743 569 799 613 narr
812 551 875 632 pos·

183 636 251 716 sem.
272 635 352 715 Quid
368 640 433 714 ergo'
445 635 505 715 est?
520 635 635 693 Faciam
649 636 740 694 omnia
754 632 854 712 seduli
862 667 875 704 9

190 738 250 796 qua
271 735 296 775 te
308 714 397 794 sciam
418 717 499 775 velle.
524 713 694 794 Desendirur
711 737 730 773 a
756 718 876 794 9.·Υο-

191 796 285 870 lusia,
303 815 349 855 rua
365 794 520 875 discipulo,
539 799 565 856 si
574 794 649 875 firmi
668 818 700 854 ea
720 817 762 855 res
776 793 877 875 poterit

191 879 364 956 aduersarios
376 873 499 958 sugam·
522 877 552 935 in
570 899 601 936 eo
618 879 741 936 maxima
750 874 816 956 spes
831 877 877 956 est.

191 961 277 1037 Nos,
292 961 318 1016 si
332 957 399 1036 quid
416 960 464 1017 erit
478 959 534 1037 isliu
551 978 642 1036 opus,
663 954 802 1035 defendes.
818 957 879 1016 Ca·

183 1038 240 1120 fir
262 1040 352 1096 adlruc
376 1039 443 1097 mihi
468 1035 599 1116 injuriam
620 1037 695 1118 suit
710 1059 720 1097 .·
737 1039 780 1115 ‚de
810 1038 879 1097 meis

187 1117 463 1205 supplicationibus,
494 1120 521 1178 δ’
542 1119 620 1183 rebus
637 1118 714 1198 gestis
729 1118 879 1178 Dalmati-

190 1202 231 1260 cis
252 1199 342 1258 adhuc
361 1220 416 1257 non
437 1196 537 1277 reserr:
559 1198 721 1277 quasivero
744 1221 801 1258 non
813 1195 880 1278 jus·

191 1281 294 1342 tissimi
315 1281 443 1359 triumphi
462 1282 492 1338 in
516 1279 729 1351 Dalmatia-res
748 1277 880 1359 gefferr'm.

191 1364 270 1422 Nam
292 1363 318 1419 si
334 1362 384 1419 lroc
401 1360 605 1439 exspeflondum
625 1354 685 1440 e'si,
711 1361 776 1418 dune
792 1377 879 1420 totum

191 1442 292 1501 bellum
308 1442 473 1518 conficiam3
490 1442 589 1522 uiginti
604 1441 708 1522 oppida
718 1439 786 1518 sum
799 1441 882 1501 Dal·¹

192 1524 283 1582 maria
309 1524 447 1600 amiqua3
474 1543 533 1601 qua
558 1524 614 1602 ipsi
634 1521 689 1579 sibi
708 1520 881 1598 adsciverunt

192 1603 313 1684 amplilrs
331 1603 504 1683 fixagiuta:
527 1604 583 1660 liar
603 1603 659 1660 nisi
679 1601 771 1661 amnia
789 1622 882 1683 expu-

190 1706 266 1765 gno,
287 1685 313 1743 si
331 1683 398 1742 milri
411 1682 631 1762 supplicationes
652 1704 707 1741 narr
728 1684 883 1742 decernun-

192 1782 257 1836 tur,
279 1764 357 1843 longl
372 1765 432 1824 aria
452 1764 606 1824 conditione
625 1784 673 1844 ego
685 1761 769 1842 firm,
783 1785 818 1823 oc
837 1784 884 1824 ee·

198 1846 250 1905 teri
270 1845 454 1924 imperatores.
876 1890 879 1895 .

198 1974 202 1981 .
233 1925 294 2005 Ego
314 1927 374 2004 pasl
386 1922 606 2004 supplicationes
623 1923 689 1984 milri
705 1925 829 1983 decretas
851 1927 883 1988 in

193 2005 369 2078 Dalmatiam
393 2001 527 2084 proselitis
544 2005 633 2084 firm:
656 2005 710 2085 sex
730 2008 885 2086 oppidani

194 2087 376 2166 oppugnando
401 2088 460 2167 cepi
480 2106 493 2158 ;
520 2107 602 2145 unum
622 2088 699 2159 lroc,
729 2088 803 2166 quod
825 2105 885 2149 erat

195 2168 367 2237 maximum,
389 2186 484 2244 quater
495 2189 513 2224 a
531 2189 572 2225 me
584 2165 647 2244 jam
665 2185 796 2247 caprum:
812 2190 886 2247 qua·

192 2263 255 2306 tuor
271 2248 340 2305 enim
357 2265 463 2320 turres,
479 2248 506 2306 fr
521 2265 638 2327 quatuor
653 2269 744 2307 muros
759 2252 839 2329 cepi,
856 2250 885 2311 6·

195 2347 284 2386 arcem
310 2350 398 2387 eorum
428 2347 542 2399 toram;
573 2349 607 2386 ex
632 2350 687 2408 qua
713 2349 754 2386 me
777 2332 885 2406 nives,

189 2404 317 2487 frigora,
337 2411 433 2469 imbres
453 2408 633 2487 detruserunt:
649 2410 831 2490 indignique,
848 2414 886 2478 mi

194 2488 323 2562 Cicero,
358 2491 487 2570 oppidum
507 2508 637 2569 caprum,
658 2490 686 2548 δ’
708 2491 808 2549 bellum
821 2489 885 2569 jam

194 2566 342 2647 consenum
364 2572 511 2649 relinquere
525 2569 588 2648 sum
608 2573 723 2629 coaslus.
749 2575 843 2651 Quare
859 2592 886 2633 te

195 2670 280 2731 rogo,
298 2653 325 2709 si
342 2673 410 2731 opus
425 2653 495 2724 erit,
513 2653 554 2708 ad
569 2650 699 2731 Cursarem
714 2673 799 2709 meam
816 2673 887 2712 cart·

189 2729 253 2810 firm
272 2753 340 2811 agas
359 2774 368 2803 ,
396 2752 486 2809 meque
503 2732 553 2789 tibi
573 2734 604 2790 in
619 2754 710 2791 omnes
724 2751 819 2812 partes
837 2737 887 2792 de·-

190 2809 359 2889 femlendum
373 2830 478 2891 pures;
494 2812 545 2870 hoc
562 2813 737 2893 existimans,
754 2814 886 2873 neminem

196 2909 222 2952 te
242 2893 284 2950 rui
302 2894 478 2953 amantiorem
495 2894 602 2956 labere.
621 2895 702 2960 Vale.
717 2895 811 2957 Nonis
823 2898 887 2969 De:

199 2973 283 3036 eemb.
301 2973 430 3036 Naronri.
