2184 3975
158 451 161 456 ’
200 466 253 542 74
349 449 725 519 Errsroarrnrr

199 563 278 636 bus,
304 559 360 623 hac
378 559 457 623 orbis
475 577 617 625 terrarum
635 561 881 645 perturbatione,

197 643 369 725 impendere
391 641 546 718 videatur3
572 665 660 726 quam
682 643 800 727 quidem
824 664 887 727 ego·

198 747 217 787 a
246 723 393 806 republica
419 727 492 785 meis
517 727 638 805 privatis
662 727 695 789 ἃ
720 723 887 787 domesticis

198 806 400 872 incommodis
415 804 628 883 libentissime,
652 807 703 868 vel
716 803 776 867 istis
792 808 887 886 ipsis,

199 907 266 1032 quse
286 904 319 949 tu
337 906 386 949 me
406 901 509 948 mones
527 905 562 949 ut
582 907 727 961 caveam,
745 886 886 949 redemis-

232 988 271 1029 m.
292 967 368 1030 Filio
390 987 485 1042 meo,
515 987 604 1049 quem
630 969 683 1029 tibi
707 988 807 1028 carum
828 965 886 1030 elie

199 1049 339 1133 gaudeo,
358 1048 382 1110 si
397 1049 452 1110 erit
466 1047 524 1110 ulla
542 1047 724 1130 respublica,
741 1046 806 1112 satis
822 1071 888 1110 am-

199 1129 282 1212 plum
302 1130 507 1211 patrimonium
530 1131 693 1212 relinquam
713 1131 745 1189 in
765 1150 886 1192 memo-

200 1212 244 1270 ria
263 1210 390 1271 nominis
416 1211 499 1272 mei:
520 1212 564 1271 sin
584 1229 682 1274 autem
702 1209 782 1273 nulla
807 1213 887 1287 erit,

200 1290 272 1360 nihil
293 1290 404 1352 accidet
424 1294 453 1353 ei
469 1290 622 1373 separatim
640 1315 658 1353 a
678 1291 794 1372 reliquis
813 1294 887 1354 civi·

200 1371 265 1435 bus.
285 1371 363 1435 Nam
380 1372 461 1453 qubd
481 1392 592 1454 rogas,
612 1390 644 1434 ut
663 1371 814 1453 respiciam
835 1393 888 1456 ge·

200 1473 305 1515 nerum
322 1472 422 1517 meum
440 1497 451 1527 ,
477 1453 692 1517 adolescentem
709 1455 856 1534 optimum
875 1499 886 1529 ,

201 1533 333 1616 mihique
357 1536 559 1608 carissimum
581 1555 622 1595 an.
641 1535 778 1608 dubitas,
837 1555 889 1596 um

201 1613 292 1690 scias,
308 1616 408 1696 qtranti
426 1635 515 1696 quum
529 1616 632 1690 illum,
647 1631 711 1679 tum
726 1615 801 1677 verb
844 1615 890 1676 υἱ·

201 1695 273 1757 liam
291 1716 389 1759 meam
400 1693 532 1771 facim,
550 1698 620 1778 quin
638 1715 739 1757 earne
754 1717 822 1756 cura
837 1715 890 1758 ve·

201 1776 420 1842 hementissimb
451 1775 612 1843 sollicitet?
643 1777 679 1838 δι
702 1778 742 1839 eb
765 1779 888 1860 magis,

203 1857 286 1939 quod
305 1860 334 1917 in
351 1857 553 1920 communibus
577 1857 696 1919 miseriis
716 1857 771 1918 bac
790 1875 890 1923 tamen

203 1936 372 2000 obleurbar
388 1935 504 2017 speculi
522 1983 534 2014 ,
554 1936 743 2000 Dolabellam
762 1958 891 2016 meum,

202 2015 253 2089 vel
262 2020 368 2101 potius
383 2016 530 2094 nostrum,
545 2017 610 2093 fote
628 2020 665 2081 ab
678 2022 717 2081 iis
731 2019 890 2096 molestiis,

245 2123 275 2161 as
291 2099 462 2161 liberalitate
478 2099 528 2161 sui
544 2109 742 2175 contraxerat,
754 2102 889 2167 liberum.

203 2121 307 2242 prelim
327 2201 437 2262 quaeras
452 2225 462 2255 ‚
480 2201 555 2261 quos
569 2182 619 2243 ille
635 2183 695 2247 dies
712 2178 892 2258 sustinuerit,

203 2260 237 2322 in
259 2260 331 2323 urbe
351 2262 422 2322 dum
440 2260 494 2323 fuit
514 2307 526 2337 ,
554 2261 643 2343 quim
666 2262 787 2327 acerbos
806 2263 891 2340 sibi,

95 2361 101 2371 ’
204 2340 294 2423 quim
311 2342 383 2404 mihi
397 2344 455 2424 ipsi
467 2342 569 2404 socero
584 2364 644 2405 non
661 2340 808 2405 honestos.
827 2342 891 2406 lta-

203 2444 263 2503 que
280 2442 376 2506 neque
393 2443 409 2485 e
431 2446 451 2485 o
467 2424 550 2486 hunc
559 2424 780 2519 Hispaniensem
795 2424 893 2486 casum

205 2503 372 2585 crispeio,
400 2445 439 2568 <ie
465 2525 524 2586 quo
550 2506 620 2565 mihr
645 2504 829 2585 exploratum
851 2504 897 2567 est'

205 2586 248 2646 ita'
273 2584 362 2661 ess'e,
389 2595 431 2647 ut'
447 2602 479 2645 tu
502 2586 623 2659 scribis3
648 2606 705 2647 nec
730 2586 893 2668 quidquam

206 2664 297 2726 allute
328 2686 363 2731 eo
385 2667 437 2734 ito.
464 2666 495 2730 Si
541 2668 641 2734 nando
672 2669 730 2730 erit
756 2670 892 2743 civitas,

208 2749 263 2808 etit
277 2686 412 2828 profeib
429 2746 513 2806 nobis
524 2689 634 2808 locust
651 2748 696 2805 sin
715 2765 813 2808 autem
830 2768 892 2812 non

208 2830 263 2894 erit
283 2873 292 2901 ,
320 2830 351 2888 in
369 2826 485 2890 easdem
504 2825 671 2887 solitudines
690 2827 801 2910 tuipse
826 2838 841 2906 (
858 2844 892 2891 ut

206 2908 360 2986 arbitror)
387 2909 511 2981 venies,
532 2909 563 2967 i'n
622 2907 684 2969 ‘bus
705 2930 761 2969 nos
785 2909 894 2979 conse»

206 2988 277 3054 dille
295 2989 404 3058 audies.
425 2986 485 3050 Sed
504 2996 566 3072 'ego
601 2987 704 3055 orraffe
727 2992 892 3069 vaticinor,
