2184 3975
287 516 341 592 72
433 493 817 567 'Enrsrozanu'rr
874 542 876 547 -

284 612 439 674 sollicitum
468 613 613 686 haberet,
641 612 728 695 quim
745 607 861 672 tuum?
890 606 967 667 Nam

284 715 347 754 non
360 714 427 754 eam
444 697 572 777 cognovi
586 697 677 755 aciem
688 696 799 777 ‘ingenii
813 694 872 763 tui,
890 767 893 771 ι
928 688 968 749 od

284 773 347 855 ipse
363 775 502 850 videam,
515 793 545 836 te
564 774 594 835 id
612 793 644 836 ut
657 797 718 836 non
737 791 840 856 putem
856 772 887 831 vi
910 789 969 831 ere.

282 851 358 915 Illud
379 857 488 928 miror,
510 856 614 916 adduci
633 853 753 936 potuille
773 872 828 929 te,
847 853 898 933 qui
918 869 966 912 me

282 938 401 1017 penitus
422 935 500 997 nosse
518 937 659 1012 deberes,
681 955 712 998 ut
728 957 775 998 me
794 931 968 997 existimares

283 1035 335 1077 aut
362 1032 423 1076 tam
449 1018 674 1098 improvidum,
702 1021 753 1099 qui
782 1017 818 1076 ab
841 1017 967 1074 excitata

282 1096 400 1158 fortuna
423 1098 460 1157 ad
478 1099 642 1159 inclinatam
658 1099 689 1158 ὃ(
709 1099 801 1179 prope
820 1095 967 1176 jacentem

283 1177 499 1253 desciscerem3
529 1198 578 1240 aut
602 1198 662 1240 tam
685 1177 916 1250 inconstantem,
936 1193 968 1236 nt

284 1257 443 1319 colledlam
467 1263 588 1342 gratiam
618 1261 813 1323 florentissimi
841 1257 967 1317 hominis

283 1337 493 1482 gunderam,
525 1364 543 1402 a
568 1361 674 1423 meque
698 1341 758 1423 ipse
786 1337 968 1480 puericereptssi

275 1442 278 1448 ·
377 1443 417 1481 uo
456 1423 538 1483 initio
598 1422 657 1484 sem
679 1443 710 1483 er
731 1442 768 1482 ue
841 1422 848 1436 '
891 1421 916 1478 ci
938 1420 965 1434 '‘

284 1443 570 1564 belloqintereffem.'
584 1445 679 1583 Quod
698 1444 739 1564 ed
757 1441 850 1585 igitugr¹
861 1463 965 1561 ’meum

284 1581 361 1642 triste
390 1583 570 1644 consilium?
600 1600 632 1643 ut
655 1582 832 1647 discederem
851 1578 966 1644 fortasse

284 1663 316 1727 in
343 1663 452 1745 aliquas
481 1663 674 1726 solitudines:
700 1663 774 1725 nosti
797 1663 878 1725 enir'n
905 1682 967 1722 non

283 1744 377 1805 modb
398 1743 536 1806 stomachi
560 1749 646 1819 mei,
679 1743 759 1824 cujus
785 1762 819 1804 tu
843 1743 967 1803 similem

274 1825 433 1910 quondam
452 1826 599 1900 habebas,
618 1825 668 1888 sed
687 1830 775 1888 etiam
795 1825 966 1897 oculorum,

193 1957 196 1970 r
282 1907 315 1967 in
337 1905 488 1967 hominurn
508 1907 690 1971 insolentium
707 1906 876 1989 indignitate
887 1904 967 1979 ,fas-

279 1984 394 2047 tidium.
414 1983 537 2050 Accedit
554 1990 641 2047 etiarn
662 1986 782 2050 molesta
800 1988 862 2047 haec
880 2007 964 2067 pom·

272 2086 321 2147 φα
335 2066 467 2127 lidorum
481 2089 633 2144 meorum,
648 2088 814 2149 nomenque
830 2068 965 2148 imperii,

285 2169 344 2232 quo
372 2148 504 2227 appellor
527 2170 534 2207 :
563 2169 609 2211 eo
632 2153 655 2209 si
680 2170 769 2209 onere
800 2168 960 2222 carerem,

283 2231 415 2309 quamvis
444 2231 539 2307 parvis
563 2228 652 2289 ltaliae
672 2231 786 2290 latebris
811 2245 962 2289 contentus

283 2306 379 2368 essem.
398 2307 455 2369 Sed
474 2312 592 2370 incurrit
610 2311 671 2370 haec
686 2309 779 2370 nostra
793 2310 888 2370 laurus
903 2328 962 2368 non

268 2386 376 2448 solum
397 2392 426 2449 in
447 2391 572 2464 oculos,
598 2391 647 2451 sed
668 2388 726 2468 jam
744 2394 831 2451 etiam
849 2391 879 2449 in
902 2412 963 2453 vo-

266 2471 359 2529 ·culas
374 2470 595 2530 malevolorum.
608 2470 704 2549 Quod
719 2492 808 2553 quum
819 2473 860 2531 ita
871 2470 962 2545 esset,
999 2524 1001 2526 ,

285 2550 356 2611 nihil
377 2568 473 2610 tamen
487 2572 624 2632 umquam
639 2552 676 2612 de
691 2551 889 2633 profefflone,
909 2553 962 2612 uisi

269 2627 368 2692 ¹vobis
391 2632 640 2711 approbantibus,
660 2636 796 2715 cogitavi.
817 2631 877 2692 Sed
897 2653 962 2693 mea

261 2712 422 2798 ⁵praediola
443 2713 495 2772 tibi
513 2731 583 2773 nota
601 2712 682 2774 sunt:
703 2719 733 2773 in
752 2712 796 2773 his
818 2713 890 2773 mihi
909 2733 962 2774 ne·

282 2791 356 2853 cesse
383 2792 423 2853 est
447 2791 503 2853 elle
525 2839 534 2867 ,
559 2813 596 2853 ne
623 2795 720 2852 amicis
741 2791 878 2854 molestus
897 2796 962 2858 sim.

281 2872 380 2952 Qubd
399 2892 494 2933 autem
513 2876 541 2932 in
561 2877 708 2934 maritimis
727 2876 788 2933 sum
807 2873 960 2949 sacillimd3

259 2969 395 3015 *moveo
414 2955 559 3015 nonnullis
576 2953 764 3034 suspicionem
782 3001 793 3027 ,
818 2955 897 3017 velle
912 2975 960 3016 me

258 3051 263 3078 ·‘
284 3039 440 3125 navigare,
462 3035 542 3118 quod
563 3053 660 3099 tamen
680 3035 793 3101 fortasse
813 3037 960 3181 nonlnol·

889 3137 963 3199 eru,
