2184 3975
286 498 363 577 310
400 473 824 544 ·-Eersror.anvnr

285 589 423 675 cognosti
442 586 490 649 sud
508 586 610 670 sponte
630 585 753 667 possent.
773 585 835 649 Sed
852 581 963 666 qumdo¹
1007 662 1009 671 Ι

285 691 366 733 tanta
386 669 443 730 saex
467 664 509 728 est
534 669 565 727 in
585 666 682 742 urbe,
710 684 743 729 ut
763 667 838 727 nihil
856 686 917 726 tam
933 667 963 725 tit

285 753 424 827 deserto,
445 746 526 831 quod
544 765 605 808 non
629 744 713 808 alieni
732 744 890 808 venustum
913 742 962 807 esse
1003 798 1009 817 ‚

284 832 440 903 videatur3
463 847 581 910 pugna,
597 828 621 888 si
639 847 686 888 me
700 849 802 901 amas,
820 829 876 888 nisi
890 845 964 887 acuta
1002 820 1010 929 Ξ

288 911 470 989 adpostulat,
502 910 558 968 nisi
585 908 702 990 elegans
728 906 891 984 διφζολὲ,
917 907 964 967 nisi
1002 932 1009 983 ς

286 993 473 1067 παρᾶγριιμμιι
493 987 630 1061 bellum,
654 989 709 1047 nisi
726 986 883 1047 ridiculum
900 985 965 1061 md
1003 986 1010 1005 ⁸

286 1067 461 1146 προσδοκίαν,
475 1068 530 1126 nisi
544 1084 659 1141 cetera,
678 1086 743 1147 quae
762 1065 829 1127 sunt
846 1089 864 1127 a
879 1085 927 1127 me
941 1066 965 1124 in

287 1145 412 1206 secundo
437 1145 513 1206 libro
545 1145 584 1208 de
610 1145 739 1208 Oratore
768 1166 824 1226 per
848 1144 966 1227 Antonii

284 1224 439 1307 personam
461 1225 603 1307 disputata
621 1228 657 1288 de
676 1227 831 1301 ridiculis,
848 1227 966 1304 stirpe,

286 1307 319 1366 &
335 1321 433 1388 arguta
446 1307 626 1390 apparebunt
637 1353 648 1380 ,
659 1324 693 1368 ut
706 1307 889 1370 sacramento
904 1327 967 1367 con·

287 1386 389 1447 tendas
418 1406 485 1447 mea
511 1410 573 1449 non
599 1386 666 1450 else.
692 1387 769 1448 Nam
797 1387 836 1449 de
861 1384 966 1465 iudiciis
1006 1410 1009 1437 ι

289 1467 369 1548 quod
384 1470 531 1547 quereris,
549 1469 642 1534 multo
655 1466 757 1530 laboro
774 1469 883 1528 minus.
901 1446 1009 1551 Tris

288 1548 391 1608 hamur
416 1568 469 1628 per
497 1568 545 1610 me
570 1550 693 1630 pedibus
721 1569 829 1611 omnes
854 1549 917 1621 rei;
937 1549 968 1608 s'u
1007 1610 1009 1627 χ

288 1629 338 1689 vel
357 1627 450 1688 Selius
469 1644 529 1688 tam
545 1631 710 1710 eloquens,
734 1647 768 1691 ut
811 1630 884 1690 ossit
898 1636 968 1724 proi
1004 1636 1009 1725 s

288 1708 357 1769 bare
377 1707 406 1768 se
422 1709 545 1770 liberum
556 1729 566 1782 ;
586 1732 647 1771 non
665 1709 777 1771 laboro.
826 1709 969 1785 rbanltetis
1008 1730 1009 1735 ¹

289 1786 517 1869 possessionem,
531 1793 657 1864 amabo,
674 1789 821 1871 quibusvis
835 1787 970 1851 interdic·
1005 1820 1009 1845 t

287 1872 324 1945 tis
347 1867 554 1930 defendamus:
576 1872 607 1930 in
646 1889 727 1931 uate
744 1891 837 1931 unum
852 1886 969 1938 metuo,
1004 1850 1009 1905 l

290 1965 448 2009 contemno
475 1968 599 2012 ceteros.
667 1951 771 2012 erideri
800 1968 833 2013 te
860 1947 970 2031 putas?

288 2027 374 2089 Nunc
390 2029 509 2092 demum
522 2031 653 2113 intelligo
668 2051 698 2094 te
711 2032 821 2114 sapere.
835 2030 897 2093 sed
912 2049 971 2092 me·

288 2110 419 2173 hercules
441 2129 522 2172 extra
545 2110 676 2191 jocum,
709 2114 797 2174 valde
820 2113 894 2173 mihi
916 2128 970 2188 mer

288 2192 390 2252 littera
421 2190 551 2265 faceta,
578 2192 782 2275 elegantesque
804 2190 876 2253 visae
899 2190 972 2254 sunt.

288 2270 342 2333 Illa
365 2274 496 2353 quamvis
515 2273 635 2334 ridicula
652 2272 761 2350 essent,
779 2276 855 2335 sicut
870 2285 971 2346 erant,

288 2353 360 2413 mihi
379 2368 477 2413 tamen
492 2352 579 2413 risum
601 2376 662 2416 non
680 2372 861 2416 moverunt:
885 2354 971 2434 cupio

288 2436 368 2495 enim
384 2430 511 2493 nostrum
528 2434 611 2495 illum
634 2436 759 2495 amicum
778 2437 810 2493 in
828 2434 972 2499 tribunatu

294 2512 378 2593 quim
414 2514 570 2593 plurimum
597 2515 703 2576 habere
756 2516 911 2576 ravitatis:
940 2512 972 2574 id

288 2614 379 2673 quum
397 2594 486 2673 ipsius
505 2594 592 2655 causti
611 2602 624 2672 (
642 2593 682 2656 est
698 2536 788 2670 milii,
805 2613 838 2657 ut
851 2594 926 2668 scis,
941 2594 972 2666 in

290 2671 436 2734 amoribus
456 2671 470 2755 )
495 2690 558 2734 tum
580 2676 745 2737 mehercule
762 2677 851 2736 etiam
870 2677 973 2755 reipuq

289 2753 372 2815 blicae
383 2797 393 2826 ‚
405 2773 499 2848 ‘quam
516 2755 652 2837 quidem,
671 2759 802 2895 juamvis
816 2759 847 2816 in
867 2776 916 2816 me
928 2756 971 2815 in·

311 2852 372 2895 rata
390 2852 449 2909 stt,
473 2855 569 2896 amare
588 2857 648 2896 non
691 2840 812 2897 esinam.
835 2834 910 2910 Tu,
932 2835 972 2894 mi

290 2858 434 2977 l'olumni
449 2961 459 2990 ‚
476 2916 593 2996 quando
617 2917 649 2977 &
667 2915 828 2990 instituisti,
850 2918 885 2977 &
902 2914 973 2977 mihi

289 2996 374 3086 rides
394 2993 450 3061 elle
475 3017 618 3085 gratum,
644 2995 734 3063 scribe
756 2997 795 3063 ad
814 3018 863 3061 me
885 2996 973 3083 qu‘atn
