2184 3975
289 494 367 568 240
438 473 819 541 Errsrounnrttr

288 594 329 650 od
347 591 443 650 librum
463 589 585 657 attinet,
606 606 682 665 quem
700 587 750 645 tili
763 584 847 661 filius
866 579 971 652 tabit,-

284 689 351 750 'peto
371 692 390 728 a
410 687 435 727 te
456 690 489 726 rte
509 685 612 739 exeat,
632 668 740 725 autito
763 664 910 743 corrigas,
939 682 970 722 tte

286 753 355 810 rnili
371 765 478 809 noceat.
507 747 587 809 Vale.

307 876 352 937 M.
380 875 543 938 Cicutio
571 876 610 936 A.
638 869 822 935 caeru
850 870 880 933 S.
909 868 953 931 D.

289 1009 355 1062 Sm
375 1010 418 1058 lor
440 1010 518 1057 datum
538 1023 554 1054 a
574 1003 656 1055 Balbo
678 1006 701 1056 δ’
720 1004 800 1074 Oppio
814 994 922 1072 scribit,
947 1016 971 1051 ut

326 1082 420 1132 Caect'nae
435 1081 517 1130 liceret
536 1079 562 1128 itt
579 1077 666 1127 Sicilia
686 1077 747 1144 effu
769 1073 895 1149 ilique‘rtt
909 1094 970 1127 cort·

325 1169 428 1204 moretur
439 1150 534 1219 suadet.
556 1152 629 1201 Anno
646 1149 679 1200 ll.
698 1154 726 1202 C.
746 1168 806 1216 7⁰7·

335 1240 399 1314 rt

290 1308 321 1370 8.
338 1315 398 1396 &g
411 1327 500 1370 uun
515 1306 586 1370 esset
603 1327 716 1369 mecum
732 1306 863 1389 Largus,
881 1303 970 1366 homo

288 1392 330 1450 tui
352 1389 516 1462 studiosus,
542 1391 678 1462 locutus,
700 1389 844 1449 Kalendas
865 1386 971 1448 Janua·

289 1473 346 1530 rias
375 1471 426 1532 tibi
479 1469 610 1528 raesinitas
628 1468 706 1542 esle3
734 1469 815 1548 quod
836 1467 971 1528 omnibus

290 1551 376 1611 rebus
399 1569 435 1630 pe
463 1569 620 1630 pexeram,
640 1569 704 1630 quae
725 1547 832 1609 Balbus
850 1549 884 1607 δι
903 1543 981 1627 op-

293 1632 358 1709 pius
382 1631 496 1691 absente
519 1629 631 1690 Caesare
657 1625 797 1710 egissent,
825 1627 971 1688 ert-solere

183 1755 187 1763 ,
292 1710 334 1770 illi
355 1726 415 1769 rata
438 1708 515 1781 esle;
534 1713 582 1791 egi
601 1708 792 1769 vehementer
812 1729 881 1769 curn
902 1706 971 1780 his,

292 1807 324 1850 ut
335 1790 391 1850 hoc
409 1791 478 1850 mihi
493 1791 612 1862 darent,
634 1789 684 1849 tibi
699 1793 728 1848 in
742 1789 859 1862 Sicilia,
875 1788 971 1869 quoad

291 1871 456 1944 vellemus,
472 1869 529 1930 esse
545 1873 588 1931 uti
601 1870 710 1930 liceret.
730 1867 795 1948 Qui
814 1869 887 1929 mihi
903 1888 972 1941 ςοιι-

291 1948 412 2011 suessent
443 1966 491 2010 aut
522 1951 646 2011 libenter
670 1950 823 2031 polliceri,
848 1953 874 2011 si
901 1948 970 2029 quid

293 2028 363 2090 esset
380 2028 542 2108 ejusmodi,
564 2032 643 2111 quod
663 2052 763 2093 eorum
782 2033 894 2091 animos
910 2050 969 2089 non

292 2109 476 2184 offenderet,
495 2127 542 2169 aut
563 2116 651 2171 etiam
668 2131 796 2194 negare,
817 2112 858 2171 8(
869 2108 970 2171 afferre

291 2193 433 2249 rationem
454 2212 503 2250 cur
524 2210 682 2273 negarent,
705 2194 771 2252 huic
790 2212 864 2251 meae
884 2212 970 2273 roga·

291 2270 363 2329 rioni
371 2272 500 2349 protinus
508 2292 569 2330 non
578 2272 970 2354 responderunt3eodemdie

292 2361 390 2410 tamen
409 2350 446 2410 ad
461 2371 509 2413 me
529 2371 732 2424 reverterunt,
752 2352 822 2412 mihi
845 2351 903 2411 hoc
923 2353 971 2411 de·

291 2428 394 2492 derunt
414 2449 446 2491 ut
465 2430 535 2493 elles
556 2436 585 2491 in
604 2433 721 2505 Sicilia,
741 2432 838 2515 quoad
858 2432 970 2504 velles3

290 2508 319 2569 se
341 2510 543 2591 praestaturos,
563 2514 632 2573 nihil
647 2535 683 2574 ex
701 2534 738 2573 eo
756 2531 785 2573 te
802 2510 970 2573 offensionis

289 2588 461 2669 habiturum.
486 2592 648 2670 Quando,
676 2594 746 2674 quid
771 2593 824 2653 tibi
845 2595 970 2671 permit-

291 2687 396 2745 tatur,
429 2673 588 2753 cognovisti
610 2695 619 2746 ;
645 2675 713 2755 quid
737 2674 807 2732 mihi
828 2673 968 2751 placeat,

289 2767 361 2888 furo
382 2769 411 2813 te
433 2751 502 2812 scire
523 2771 671 2831 oportere.
697 2753 775 2812 Attis
796 2754 840 2812 his
863 2754 970 2827 rebus,

301 2833 390 2891 itterae
412 2852 428 2888 a
447 2849 476 2892 te
501 2836 571 2893 mihi
594 2834 711 2893 redditae
737 2834 800 2893 sunt
823 2877 832 2905 ,
867 2834 971 2912 quibus

290 2930 308 2967 a
325 2930 372 2971 me
388 2913 540 2972 consilium
560 2916 654 2993 petis,
674 2915 743 2993 quid
761 2917 815 2973 sim
835 2914 889 2972 tibi
905 2936 972 2974 auc·

289 3005 359 3066 tor,
377 2993 406 3052 in
422 2990 716 3071 Sicilianesubsidas,
734 3016 770 3058 an
784 2994 822 3054 ad
833 2994 972 3136 Reliquias

866 3092 974 3139 suaticae
