2184 3975
296 477 368 549 An¹
378 478 703 554 mmmmm.
719 483 781 554 Vl.
814 499 888 583 251

195 600 307 654 damen
326 593 419 654 adhuc
439 594 470 654 id
487 616 548 655 non
570 593 696 656 feceram
716 617 726 672 ;
751 597 817 679 quia
832 619 892 660 ne·

200 695 264 755 que
288 675 380 736 lenire
404 676 524 738 videbar
543 678 675 737 oratione
696 722 707 751 ‚
732 698 826 759 neque
848 680 894 741 le·

197 775 278 817 ‘vare
306 754 387 838 poffe
413 756 548 819 dolorem
574 777 667 818 tuum.
697 756 797 821 Postea
817 762 893 824 vero

199 836 296 917 quint
316 857 452 920 magnam
475 838 558 920 spem
578 839 684 899 habere
701 842 806 922 coepi,
827 841 893 905 fore

203 935 289 981 utre
311 919 395 985 brevi
415 937 552 1001 tempore
575 919 752 981 incolumem
772 921 894 984 habere-

201 1019 293 1073 mus,
309 998 405 1060 facere
422 1021 483 1061 non
503 1002 609 1082 potui,
624 1002 694 1083 quin
709 1001 761 1061 tibi
781 1002 813 1061 &
829 1002 896 1063 sen·

204 1082 349 1156 rentiam,
362 1081 393 1143 δι
403 1082 588 1143 voluntatem
600 1082 776 1144 declararem
787 1104 895 1147 meam.
963 1099 967 1105 ·
984 1069 986 1073 ,

205 1159 338 1222 Primum
353 1163 440 1246 igitur
456 1162 599 1234 scribam,
617 1164 698 1247 quod
715 1165 846 1248 intelligo
861 1166 895 1228 &

206 1243 381 1325 perspicio,
407 1257 469 1305 non
489 1243 553 1306 fore
570 1246 601 1304 in
619 1262 649 1306 te
666 1243 813 1307 Caesarem
833 1247 894 1308 du-

206 1327 342 1386 riorem:
366 1344 435 1384 nam
457 1326 490 1386 &
516 1346 562 1387 res
583 1345 651 1385 eum
672 1329 802 1406 quotidie
821 1373 832 1402 ‚
859 1329 893 1390 &

206 1405 292 1479 dies,
312 1404 347 1465 δι
367 1406 469 1500 opinio
494 1405 646 1468 hominum
666 1452 676 1480 ‚
700 1408 751 1483 &‚
771 1425 802 1468 ut
820 1410 893 1470 mihi

207 1486 343 1561 videtur,
360 1504 450 1548 ettam
465 1485 513 1549 sua
526 1505 628 1548 natura
642 1490 788 1549 mitiorem
806 1487 894 1564 facit;

206 1567 296 1651 idque
321 1587 411 1650 quum
433 1567 470 1628 de
492 1569 608 1710 religio
628 1568 750 1643 sentio,
775 1586 838 1628 turn
855 1569 893 1632 de

207 1666 237 1711 te
261 1650 354 1710 etiam
380 1648 467 1709 audio
493 1669 530 1710 ex

209 1731 312 1814 quibus
331 1750 389 1813 ego
407 1749 443 1790 ex
458 1750 496 1791 eo
514 1748 673 1812 tempore,
690 1753 749 1814 quo
768 1733 895 1811 primurn
983 1794 985 1797 .

207 1832 244 1873 ex
266 1810 370 1872 Africa
391 1814 506 1873 nuntius
525 1815 629 1887 venit,
655 1811 815 1893 supplicare
834 1811 894 1876 und

210 1906 275 1954 'curn
297 1892 434 1954 fratribus
457 1895 514 1953 ruis
539 1914 600 1955 non
619 1891 734 1954 destiti:
769 1915 894 1975 quorum

209 1976 330 2059 ‘quidem
351 1974 385 2036 &
405 1972 567 2049 virtus,&
581 1975 694 2055 pietas,
714 1973 745 2034 &
762 1997 844 2035 amor
861 1978 893 2038 in

209 2074 239 2118 te
256 2056 425 2141 singularis,
443 2055 605 2115 &assidua
621 2057 654 2116 &
669 2072 810 2137 perpetua
825 2077 894 2118 cura

210 2136 304 2200 salutis
322 2152 379 2196 tuae
402 2154 513 2197 tantum
530 2135 670 2217 proficit,
689 2154 721 2198 ut
740 2136 811 2196 nihil
831 2139 892 2213 sit,

211 2219 289 2301 qttod
324 2238 384 2278 non
416 2216 510 2298 ipsum
541 2214 685 2278 Caesaretn
717 2219 893 2279 tributurum

211 2298 380 2361 existimem.
400 2297 459 2360 Sed
478 2301 501 2358 si
519 2300 627 2359 tardius
648 2298 703 2373 fit,
723 2299 811 2379 quim
829 2323 892 2361 vo-

211 2381 324 2456 lumus,
335 2383 447 2462 magnis
459 2380 696 2460 occupationibus
707 2377 788 2458 ejus,
802 2402 893 2462 aquo

213 2465 310 2524 omnia
324 2477 482 2543 petuntur,
499 2460 592 2521 aditus
609 2462 646 2520 ad
664 2482 732 2522 eum
749 2462 895 2523 difficilio-

213 2564 255 2604 res
267 2544 403 2616 fuerunt;
416 2543 449 2604 &
467 2542 553 2601 simul
568 2540 712 2601 Africanae
730 2542 817 2604 causae
834 2547 896 2604 ira-

214 2627 266 2685 tior
291 2670 301 2698 ,
331 2624 437 2684 diutius
463 2622 540 2683 velle
565 2624 681 2684 videtur
706 2644 758 2684 eos
784 2625 894 2687 habere

214 2706 368 2778 sollicitos,
386 2725 404 2762 a
417 2703 519 2786 quibus
534 2703 562 2764 se
574 2722 656 2786 putat
669 2705 896 2766 diuturnioribus

215 2786 267 2849 effe
284 2783 422 2847 molestiis
440 2782 648 2847 condidatum:
663 2786 711 2846 sed
726 2787 782 2846 hoc
798 2785 894 2864 ipsum

215 2869 399 2965 intelligimus
428 2886 496 2927 eum
527 2868 659 2949 quotidie
687 2868 829 2928 remissius
860 2864 897 2925 &

214 2951 351 3032 platanus
364 2946 449 3007 ferre.
463 2945 569 3026 Quare
583 2949 653 3009 mihi
667 2949 772 3019 crede,
788 2945 817 3003 8(
831 2964 899 3005 me·

216 3035 312 3094 moriae
329 3028 454 3103 manda,
475 3049 524 3090 tne
541 3032 595 3092 tibi
611 3030 642 3091 id
661 3022 811 3166 affirlmaiie
829 3052 847 3099 ,’
862 3042 897 3086 te

189 3126 191 3131 .
669 3156 672 3172 ι
754 3127 789 3187 η
