2184 3975
199 525 279 610 294
349 506 724 574 Errsrorrrwss

201 621 235 681 &
254 619 324 690 salvi
343 620 512 682 redierimus
531 663 542 696 ,
565 619 596 682 &
617 619 693 680 salva
712 615 765 678 ista
791 614 882 680 offen·

202 701 339 761 derimus.
359 719 395 761 v.
412 701 480 762 Kal.
499 698 578 762 Sext.
596 699 725 782 Rhegio.

274 826 437 893 Cicero
471 829 694 893 Turreno
721 827 754 890 S.
777 826 821 888 D.

204 960 254 1020 DE
281 961 424 1014 Velitnsr’um
441 963 466 1012 in
493 963 627 1014 Trebatium
648 979 729 1012 amore
747 960 886 1030 siguificat,

245 1037 269 1086 ἃ
290 1054 319 1084 ne
331 1051 443 1102 paternas
457 1035 612 1104 possessiones
631 1038 741 1092 vendat,
759 1032 886 1103 perfirgiurrr

242 1104 331 1174 miseris
348 1107 491 1175 temporibus>
502 1106 602 1174 ‘futuras
617 1142 627 1166 ‚
652 1111 775 1162 admonet.
794 1106 890 1173 Scripta

243 1195 299 1229 ante
318 1175 488 1247 superiorem,
512 1196 539 1230 ur
563 1180 613 1230 dies
638 1179 762 1248 adscripta
781 1177 887 1244 ostendis.

181 1276 183 1280 >
242 1252 317 1303 Anno
340 1251 373 1303 sl.
394 1257 422 1303 C.
441 1271 499 1320 709·

288 1339 314 1411 d

109 1481 112 1484 p
208 1403 557 1471 sussrurumon
584 1409 654 1468 mihi
686 1407 778 1469 Velia
808 1405 891 1482 fuit,

232 1489 292 1548 ubd
307 1505 336 1550 te
355 1490 391 1550 ab
406 1509 442 1550 ea
459 1490 533 1551 sensi
552 1492 651 1551 amari.
671 1487 733 1549 Sed
790 1487 820 1547 id
837 1507 891 1570 ego

212 1511 309 1634 dicam
327 1587 378 1643 te,
399 1590 487 1651 quem
509 1573 572 1651 quis
594 1589 653 1631 non
672 1584 770 1630 amat.
790 1565 893 1641 Rufio,

212 1651 325 1711 medius
349 1649 456 1726 fidius,
474 1669 539 1713 tuus
559 1653 597 1712 ira
614 1649 850 1722 desiderabatur,
863 1664 893 1707 ur

213 1734 238 1791 si
258 1729 326 1791 effer
356 1748 429 1792 unus
452 1731 587 1804 euobis.
614 1731 672 1791 Sed
694 1748 753 1810 ego
780 1747 810 1791 te
835 1746 895 1798 nou

205 1811 419 1893 reprehendo,
440 1814 489 1894 qui
511 1811 592 1870 illum
612 1812 648 1871 ad
671 1804 894 1870 edificationem

213 1893 292 1949 tuam
315 1890 696 1974 traduxeris'.“Quemquam
712 1894 793 1951 enirn
810 1889 895 1950 Velis

214 1992 275 2032 non
298 1967 337 2031 est
357 1971 470 2045 vilior,
494 1971 582 2071 pudm
604 1971 771 2053 Lupercal,
799 1989 895 2031 tamen

215 2050 303 2111 isthuc
324 2054 402 2113 malo
424 2096 433 2125 ,
461 2073 548 2133 quam
568 2053 631 2113 haec
655 2055 764 2115 omnia.
782 2049 856 2124 Tu,
875 2052 897 2111 si

216 2152 264 2195 me
292 2134 417 2206 audies,
448 2153 535 2211 quem
564 2133 665 2206 soles,
687 2133 736 2192 has
764 2150 895 2211 paternas

147 2230 148 2233 ’
239 2210 407 2271 offersiones
429 2213 543 2272 tenebis
572 2212 693 2294 (nescio
721 2213 792 2293 quid
820 2215 898 2272 enim

214 2232 247 2353 ,ζ’
249 2286 368 2352 elienses
399 2292 574 2353 verebantur
597 2292 611 2376 )
637 2312 731 2374 neque
759 2292 899 2353 Heletem

216 2372 348 2435 nobilem
367 2392 483 2431 amnem
504 2374 667 2453 relinques,
694 2393 749 2433 nec
771 2371 898 2454 Papiria·

217 2467 287 2513 nam
319 2452 438 2511 domum
471 2453 583 2514 deseres
608 2476 615 2513 :
649 2471 826 2536 quamquam
852 2452 902 2515 ills

217 2532 334 2612 quidem
350 2532 437 2592 haber
448 2534 560 2608 lorum,
574 2555 590 2592 a
605 2554 662 2615 quo
676 2537 765 2595 eriam
778 2533 898 2594 advena

217 2614 310 2673 teneri
332 2612 425 2673 solent
437 2634 446 2686 3
467 2635 555 2695 quem
577 2611 673 2675 rameri
696 2617 719 2673 si
742 2614 898 2687 excideris,

219 2693 341 2754 multum
358 2693 548 2774 prospexeris.
562 2694 620 2756 Sed
635 2699 664 2755 in
678 2696 777 2774 primis
790 2696 902 2775 oppor-

219 2792 320 2834 tunum
341 2773 481 2847 videtur,
508 2775 551 2833 his
576 2775 732 2853 praesertim
754 2776 901 2853 tempori·

219 2855 295 2928 b'us,
317 2854 423 2916 habere
442 2851 628 2935 perfugium,
648 2855 776 2936 primum
798 2858 902 2914 eorum'

220 2934 349 3009 urbem,
377 2933 479 3014 quibus
500 2955 580 2993 carus
602 2936 638 2993 sis
658 2958 667 3009 ;
691 2934 798 2994 deinde
820 2929 901 2995 ruam*

219 3013 359 3092 domurn,
380 3012 499 3097 tuosque
512 3035 628 3100 agros,
647 3036 739 3101 eaque
753 3030 872 3077 remoto
890 3043 904 3090 ·,
