2184 3975
264 505 351 588 >452
424 485 810 556 Errsrorrnvm

272 605 342 666 dem
360 601 492 682 judicio,
509 596 620 669 facies,
639 598 663 656 si
683 613 713 658 te
732 599 764 657 in
784 592 871 655 istam
888 593 961 677 paci«

271 684 440 746 ficationem
464 701 526 740 non
549 683 740 758 interponas,
770 697 839 758 quae
868 695 959 757 neque

272 764 400 837 senatui,
411 781 465 823 nec
479 760 609 842 populo,
620 778 717 839 neque
730 759 870 838 cuiquam
882 757 961 816 bono

272 845 423 926 probatur.
449 841 508 902 Sed
527 841 589 900 hac
612 840 711 901 audies
733 859 771 901 ex
793 838 889 911 aliis,
915 854 961 896 aut

275 926 381 986 certior
401 921 455 983 fies
472 922 583 983 litteris.
611 918 660 982 Tu
677 940 734 1001 pro
756 938 806 981 tua
854 916 961 979 ruden-

218 1065 220 1069 .
274 1009 341 1081 tia,
359 1003 428 1085 quid
450 1005 595 1085 optimum
611 999 688 1062 fallu
709 1002 768 1076 sit,
784 1000 817 1062 vi
840 999 914 1059 ebir.

357 1131 533 1194 Creauo
568 1130 825 1193 Tnuuoruo
855 1126 888 1190 S.

261 1267 384 1319 ‘Dom
399 1263 426 1332 se
443 1282 492 1315 nor
505 1261 579 1331 firiffe
594 1263 735 1332 participem
750 1260 923 1330 conjurationis
939 1261 960 1310 ir

317 1336 428 1406 Casareur
450 1371 458 1397 ,
489 1337 545 1405 quia
570 1333 685 1404 superstes
718 1336 842 1387 Artorius
870 1335 960 1386 airum

315 1413 376 1481 reip.
397 1411 537 1461 moliatur:
567 1410 650 1459 driade
666 1406 733 1478 ficum
759 1408 881 1459 libertatis
900 1423 960 1458 recu·

311 1485 424 1555 peranda
438 1483 540 1547 studium
558 1483 675 1533 declarat.
695 1483 770 1533 Anno
790 1478 825 1534 U.
847 1485 876 1534 C.
892 1497 943 1548 7¹⁰·

282 1579 512 1738 28.Qu'nm
532 1651 642 1714 vellem
661 1648 699 1710 ad
720 1648 782 1710 illas
806 1648 961 1730 pulcherri-

280 1755 343 1795 mas
364 1734 465 1814 epulas
486 1753 534 1794 me
554 1730 651 1792 Idibus
670 1729 784 1791 Martiis
802 1727 959 1792 invitasses!

279 1816 464 1896 reliquiarum
495 1814 567 1874 nihil
597 1810 782 1872 haberemus.
816 1809 861 1872 Ar
893 1830 963 1871 nunc

281 1916 348 1954 cum
370 1895 546 1955 hisuanrum
566 1893 675 1974 negotii
701 1889 763 1964 est,
789 1907 821 1951 ut
841 1889 962 1953 vestrum

278 1975 351 2036 illud
372 1975 502 2035 divinum
518 1975 549 2034 in
565 1970 775 2053 rempublicam
791 1969 962 2034 heneficium

279 2056 453 2118 nonnullam
473 2055 578 2116 habear
596 2053 753 2135 querelam.
781 2050 881 2131 Quod
897 2054 962 2114 verb

280 2160 299 2198 a
320 2154 371 2211 te,
394 2141 459 2196 viro
483 2139 629 2215 optimo,
658 2130 788 2194 sedulius
811 2132 877 2210 est,
900 2151 963 2194 tuo·

281 2237 338 2296 que
368 2216 512 2277 beneficio
541 2215 634 2275 adhuc
662 2215 738 2275 vivit
761 2212 827 2274 lraec
879 2213 963 2284 estis3

281 2297 451 2370 interdum,
484 2297 564 2377 quod
595 2294 665 2354 mihi
694 2296 744 2355 vix
763 2292 808 2355 fas
830 2314 848 2356 e
869 2293 965 2369 ',tibi

280 2375 458 2437 subirascor:
478 2376 550 2436 mihi
573 2378 651 2436 enim
671 2375 787 2457 negotii
809 2376 876 2457 plus
898 2375 966 2436 reli·

270 2503 272 2509 -
304 2455 365 2518 uisti
384 2462 457 2532 uni,
473 2457 584 2537 quam,
602 2473 705 2537 praerer
727 2474 776 2515 me
791 2499 803 2527 ‚
819 2457 963 2540 omnibus.

315 2542 425 2600 renim
454 2540 580 2619 primum
606 2534 669 2617 post
692 2534 819 2596 Antonii
838 2535 965 2597 foedissi-

271 2640 365 2694 ¹mum
385 2616 533 2680 disceffum
554 2616 666 2679 senatus
684 2615 787 2678 haberi
807 2617 902 2678 liberi
917 2639 966 2698 po·

186 2710 188 2714 ’
284 2703 369 2774 tuit,
396 2700 433 2760 ad
467 2699 548 2759 illum
579 2700 707 2758 animum
738 2716 840 2759 meum
864 2700 967 2760 reverti

283 2778 454 2862 pristinum,
478 2798 566 2860 quem
582 2796 613 2840 tu
629 2798 695 2839 cum
722 2779 788 2841 cive
808 2782 968 2853 acerrimo,

283 2877 366 3003 Katre
387 2880 459 2934 ruo,
479 2864 510 2921 in
528 2878 580 2919 ore
601 2858 633 2919 δι
654 2878 755 2921 amore
778 2859 897 2945 semper
916 2861 968 2921 ha·

305 2940 377 3002 uisti.
402 2939 508 3014 Nam,
536 2960 626 3019 quum
643 2938 774 3001 senatum
795 2963 824 3003 a.
846 2942 877 3003 d.
898 2959 970 3002 xm.

276 3023 350 3087 121.
367 3021 512 3085 Ianuarias
532 3020 638 3082 tribuni
656 3013 749 3104 ple'bis
768 3021 972 3112 rocaviffenQ
