2184 3975
293 506 344 587 26
441 504 821 576 Errsrorrnuur

291 619 440 695 ostendis,
469 621 572 702 quibus
596 618 681 683 rebus
703 620 840 683 addustus
865 619 974 690 defen·

292 701 386 765 derim
406 702 439 761 &
455 701 605 762 laudarim.
630 698 726 777 Quod
745 703 797 760 tibi
812 719 846 763 ut
861 703 974 782 planilla

291 801 461 862 exponam,
478 783 561 843 altibs
575 780 663 861 'paulb
681 784 824 842 rationem
838 784 975 845 consilio*

291 884 356 929 rum
379 883 512 930 meorum
539 878 669 942 repetam
696 860 808 931 neceffe
832 861 882 928 est.
906 861 971 946 Ego

292 963 365 1016 me,
384 944 531 1016 Lentule,
548 943 631 1002 initio
649 962 767 1016 rerum,
786 961 815 1004 ar
837 964 873 1004 ue
887 944 975 1004 allio.

291 1045 364 1094 num
379 1044 513 1098 marum,
528 1044 590 1090 nou
602 1021 696 1083 solum
710 1027 803 1098 meis,
815 964 870 1088 <led
886 1027 974 1091 etiam

292 1107 456 1185 reipublitae
473 1102 632 1166 restitutum
648 1106 804 1185 putabam:
824 1106 877 1179 &‚
893 1126 974 1186 quo-

291 1188 370 1256 niam
396 1187 449 1249 tibi
478 1185 678 1247 incredibilem
746 1186 862 1252 endam
884 1208 975 1249 amo·

291 1287 378 1341 rem,
400 1267 434 1327 ὃ(
452 1270 552 1329 omnia
572 1268 604 1327 in
623 1283 653 1333 te
676 1268 705 1348 ip
718 1289 769 1330 um
788 1267 918 1343 summa,
939 1292 974 1337 ac

292 1349 445 1430 singularia
474 1347 565 1412 studia
593 1347 731 1415 deberem
750 1368 760 1422 ;
780 1349 974 1429 reipublicae,

289 1449 356 1510 quae
378 1448 407 1499 te
425 1431 456 1489 in
481 1450 529 1490 me
551 1427 726 1490 restituendo
747 1431 871 1496 marltum
890 1429 976 1507 adju-

291 1508 396 1584 uisset,
414 1530 483 1579 eum
497 1511 575 1574 ,certb
592 1531 640 1570 me
658 1513 787 1574 animum
804 1513 910 1570 merito
927 1513 976 1591 ip·

291 1593 351 1652 aius
372 1592 478 1653 debere
499 1591 675 1664 arbitrabar,
694 1612 782 1672 quem
804 1610 889 1651 antea
905 1608 975 1650 tan«

288 1672 446 1738 rummodo
466 1673 616 1739 ¹communi
634 1669 732 1732 officio
753 1674 861 1731 civium
881 1716 890 1745 ,
912 1693 974 1732 non

291 1753 387 1835 aliquo
409 1773 442 1814 er
463 1775 480 1812 a
500 1771 549 1815 me
571 1752 706 1893 siffulari
724 1751 868 1818 beneficio
888 1753 975 1813 debi.

291 1850 355 1894 rum
377 1855 436 1913 prae
462 1831 572 1899 'illem
598 1893 600 1901 ,
628 1833 661 1892 ae
681 1852 729 1891 me
752 1851 850 1894 mente
870 1831 976 1910 fuille,

291 1913 326 1972 δι
342 1912 454 1980 senatui
467 1932 505 1973 ex
526 1932 596 1983 me,
616 1928 646 1972 te
667 1911 810 1989 consule,
835 1913 976 1992 audivit,

292 1995 325 2054 &
344 2011 377 2054 tu
397 1996 427 2053 in
450 1991 551 2053 nostris
571 1991 771 2067 sermonibus,
796 1995 975 2059 collocutio«.-

291 2074 434 2154 nibusque
446 2074 507 2155 ipse
523 2070 631 2133 vidisti-z
647 2075 701 2132 etsi
716 2072 775 2151 jam
788 2078 888 2154 primis
901 2092 976 2136 tenu·

314 2157 410 2216 oribus
432 2155 508 2231 illis,
523 2154 622 2213 multis
638 2153 723 2213 rebus
741 2175 822 2215 meus
840 2153 976 2217 offende-

290 2177 375 2298 latur
396 2235 525 2307 animus3
543 2255 653 2315 quum,
673 2253 703 2295 te
725 2253 828 2317 agente
849 2236 887 2297 de
905 2238 974 2298 reli!

291 2337 349 2397 qua
369 2313 464 2376 nostra
486 2317 623 2397 dignitate
647 2360 657 2389 ‚
684 2332 732 2375 aut
751 2316 865 2379 occulta
892 2336 974 2378 non,

290 2397 444 2458 nullorum
455 2397 548 2471 odia,
568 2414 617 2455 aut
635 2395 756 2463 obscura
771 2398 802 2455 ln
819 2417 867 2457 me
884 2396 975 2458 studia

290 2478 456 2537 cernebam.
484 2476 561 2536 Nam
587 2496 682 2558 neque
700 2476 751 2537 de
777 2482 973 2540 monumentis

291 2560 364 2617 meis
381 2557 464 2617 abiis
483 2556 595 2637 adjutus
609 2578 665 2632 es,
681 2579 699 2616 a
714 2557 817 2637 quibus
834 2558 974 2632 debuistig

190 2668 194 2676 ·
292 2657 388 2718 neque
418 2637 455 2702 de
479 2640 510 2699 vi
535 2636 668 2712 nefaria,
697 2639 753 2719 qual
786 2659 853 2699 cum
884 2638 972 2700 fratre

290 2737 372 2777 eram
393 2718 494 2788 domo
506 2718 661 2799 expulsus,
690 2738 786 2800 neque
807 2718 973 2784 herculem

291 2802 326 2860 iis
349 2800 418 2871 ipsis
445 2800 561 2872 rebus,
585 2817 671 2937 duae’
693 2811 869 2879 quaanquam
888 2800 973 2872 erant

292 2873 368 2943 mihi
385 2892 506 2961 propter
524 2882 567 2938 rei
599 2877 730 2938 amiliaris
753 2878 901 2962 naufragia
921 2901 975 2943 ne·

291 2959 434 3035 cellariae,
452 2961 549 3021 rame'n
567 2980 584 3025 a
603 2977 651 3017 me
668 2960 781 3018 minimi
799 2962 974 3040 putabantur

291 3042 322 3100 in
343 3043 417 3117 meis
439 3040 583 3116 damnis,
611 3057 649 3099 ex
670 3037 839 3126 audonimte
859 3041 972 3116 senatd's
