2184 3975
200 475 279 562 206
342 476 770 553 Erzsrocnuuur'.

203 689 252 751 19.
265 599 388 732 Etsi
406 669 476 730 milri
494 688 651 750 numquam
669 667 790 729 dubium
809 667 885 746 fuit,

223 754 272 812 uin
290 753 340 812 tibi
357 749 444 813 eilem
462 753 623 810 carissimus
641 795 651 823 ‚
667 768 766 811 tamen
791 755 898 832 quoti-rv

201 774 249 893 die
257 832 313 892 'ma
333 836 356 892 is
367 833 396 892 id
408 832 567 912 perspicio,
579 829 723 912 exstatque
736 831 767 891 id
780 875 789 905 ‚
805 831 886 913 quod

202 914 274 973 mihi
287 854 450 974 offenderas
466 911 635 994 quibusdam
650 911 751 973 limeris
763 958 774 986 ‚
784 913 841 973 hoc
858 930 888 974 te

203 993 406 1055 studiosiorem
427 996 523 1053 inme
545 993 671 1053 colendo
694 992 780 1067 fore,
801 993 888 1074 quim

204 1077 234 1135 in
258 1078 406 1155 provincia
428 1073 523 1135 fuisses
541 1072 645 1154 (etsi,
669 1093 737 1135 meo
759 1072 890 1151 judicio,

205 1156 276 1216 nihil
298 1156 341 1216 ad
362 1173 444 1216 tuum
469 1155 648 1236 provinciale
671 1153 800 1215 officium
824 1155 890 1215 addi

205 1235 331 1379 potest?
349 1239 411 1317 quo
430 1236 546 1297 liberius
565 1234 702 1314 judicium
719 1233 776 1296 elle
799 1233 892 1316 posset

205 1334 299 1377 tuum.
328 1335 414 1399 taque
433 1336 481 1377 me
498 1317 529 1379 &
545 1315 704 1396 superiores
720 1317 824 1376 litterae
835 1334 892 1377 tua

208 1397 368 1459 admodum
378 1395 612 1473 deledaverunt‚
623 1397 726 1478 quibus
736 1396 769 1457 &
776 1396 894 1479 exspec-

207 1494 301 1539 tatum
317 1499 416 1541 meum
426 1479 584 1539 adventum
599 1479 649 1538 abs
665 1497 695 1540 te
709 1496 841 1538 amanter
850 1479 896 1540 vi-

208 1558 339 1635 debam,
363 1561 414 1635 &‚
430 1581 519 1642 quum
540 1560 621 1620 aliter
633 1580 678 1619 res
699 1557 845 1619 cecidiffet
862 1578 896 1619 ac

231 1639 354 1715 utaffes,
372 1660 402 1703 te
421 1661 490 1703 meo
506 1642 627 1700 consilio
646 1659 828 1722 magnopere
838 1637 896 1700 effe

247 1740 357 1783 tatum:
370 1724 403 1786 ,δι
421 1722 465 1782 his·
482 1723 622 1813 proximis
638 1721 739 1781 litteris
758 1740 896 1802 magnum

211 1806 278 1883 cepi
295 1802 416 1867 frudun
431 1803 463 1862 &
482 1801 599 1881 judicii,
616 1802 648 1861 &
663 1800 751 1861 officii
771 1804 814 1862 tui
827 1821 838 1873 ;
853 1800 899 1881 ju-

213 1883 304 1957 dicii,
317 1885 398 1964 quod
414 1884 569 1964 intelligo,
585 1901 615 1943 tc
633 1879 684 1962 (id
695 1881 776 1962 quod
793 1901 899 1942 omnes

213 1962 305 2025 fortes
329 1987 361 2024 ac
382 1966 453 2025 boni
475 1965 531 2024 viri
554 1963 650 2025 facere
671 1963 804 2045 debent)
829 1962 901 2024 nihil

214 2063 314 2124 putare
333 2045 401 2107 utile
426 2042 482 2106 esse
498 2089 509 2119 ‚
527 2047 583 2106 nisi
606 2046 686 2126 quod
707 2045 816 2105 redum
840 2045 901 2106 ho·

215 2125 385 2207 nestumque
403 2129 440 2187 sit
455 2146 465 2199 3
484 2122 591 2199 officii,
609 2126 690 2206 quod
708 2145 737 2187 te
754 2146 898 2200 mecum,

213 2206 418 2309 quodcumque
442 2204 577 2285 cepissem
601 2207 733 2282 consilii,
752 2208 900 2287 polliceris

217 2290 281 2346 lore
301 2307 308 2345 ε
330 2309 388 2368 quo
404 2308 499 2368 neque
513 2289 583 2347 milri
613 2290 719 2360 ratius,
740 2308 837 2368 neque
849 2333 859 2362 ,
871 2306 903 2347 ur

218 2386 277 2448 ego
297 2369 436 2443 arbitror,
454 2370 507 2428 tibi
517 2308 662 2429 honeliius
678 2367 734 2428 elle
745 2369 903 2449 quidquam

219 2447 323 2528 potest.
335 2448 411 2510 Mihi
424 2450 577 2510 consilium
595 2470 710 2530 captum
720 2447 830 2527 jamdiu
843 2448 903 2524 est.;

220 2529 258 2587 de
278 2531 392 2611 quoad
413 2548 466 2605 te,
483 2551 543 2590 non
569 2531 628 2612 qul)
653 2530 788 2591 celandus
808 2528 903 2607 elles,

222 2612 291 2669 nihil
310 2611 406 2692 scripsi
425 2631 530 2686 antea,
555 2610 604 2672 sed
625 2614 691 2692 quia
708 2613 903 2672 communica·

222 2694 266 2751 tio
287 2695 418 2767 consilii,
437 2693 486 2752 tali
507 2710 663 2831 ternsspore,
680 2694 760 2773 quasi
773 2693 903 2773 quaedam

223 2773 516 2834 admonitio‘videtur
534 2793 551 2832 e
575 2793 590 2831 e
610 2771 719 2844 officii,
743 2777 792 2834 vel
806 2777 903 2853 potiisr

225 2851 390 2935 efflagitatio
408 2855 445 2913 ad
463 2852 626 2912 coeundam
643 2852 833 2927 societatem,
856 2858 903 2931 vel

224 2937 362 3011 periculi,
383 2936 430 2995 vel
449 2932 565 2992 laboris.
587 2932 692 3011 Quum
713 2937 787 3003 verb
807 2953 903 3005 earua

224 3014 423 3092 sitvoluntas,
434 3015 593 3079 humanitas
598 3017 833 3097 ,benevolentia
843 3036 903 3101 erga
