2184 3975
193 529 411 599 emaum>
427 527 575 595 Fumi.
591 526 676 597 lta.
690 527 739 598 11.
773 545 826 622 47
908 578 913 589 ,

142 639 266 719 quidem
294 641 331 701 ad
362 658 392 706 te
420 657 626 721 perventurum
658 651 790 722 putarem
816 676 826 716 ,-

143 721 194 780 cui
211 722 320 782 litteras
339 738 400 782 non
417 721 567 781 dederim:
586 724 694 783 etenim
731 726 772 783 uis
780 722 828 785 est

144 814 206 859 tant
224 801 375 867 scribendo
395 804 541 883 impiger,
555 801 645 883 quim
658 823 733 884 ego.
753 803 782 863 A
797 822 828 866 te

144 882 220 942 verb
240 883 284 942 bis
306 899 388 944 terve
411 881 575 955 summum,
598 882 630 942 &
649 903 697 947 eas
715 883 831 962 perbtm

144 981 200 1035 ves
214 966 334 1044 accepi.
356 962 458 1044 Quare
485 966 508 1024 si
538 965 652 1044 iniquus
677 983 708 1024 es
730 965 759 1023 in
782 984 830 1026 me

145 1038 265 1122 iudex,
293 1044 496 1107 condemnabo
515 1045 623 1106 eodem
645 1064 702 1127 ego
720 1061 749 1105 te
771 1048 832 1104 cri-
928 1089 930 1093 .

144 1125 226 1186 mine
248 1145 256 1183 ι
284 1127 327 1192 sin
345 1147 393 1188 me
413 1127 444 1187 id
462 1125 558 1187 facere
578 1126 681 1200 noles,
708 1141 738 1191 te
756 1126 832 1193 mihi

145 1223 264 1286 aewum
284 1207 413 1286 praebere
438 1202 567 1267 debebis.
590 1205 648 1267 Sed
668 1207 705 1267 de
730 1205 831 1266 litteris

146 1284 306 1359 haebenu53
324 1310 385 1348 non
405 1289 483 1347 enim
502 1306 608 1348 vereor
627 1306 665 1347 ne
687 1308 748 1346 non
767 1285 831 1345 scri,

145 1365 247 1426 bendo
274 1382 303 1428 te
327 1368 488 1449 expleam3
515 1366 671 1447 praesertim
696 1368 771 1426 siin
793 1387 831 1437 eo

168 1464 257 1507 enere
284 1444 412 1508 studium.
426 1466 527 1506 meum
551 1468 612 1506 non
633 1444 832 1526 aspernabere,

146 1465 213 1607 ,iugo
231 1542 261 1586 te
281 1526 398 1588 abfuisse
417 1526 526 1586 tamdiu
546 1548 564 1585 a
581 1525 665 1585 nobis
684 1526 716 1586 dt
734 1526 834 1602 dolui,

145 1606 230 1685 qubd
255 1609 332 1667 carui
359 1606 449 1668 fructu
470 1602 682 1683 jucundissimae
708 1604 834 1667 consue-

147 1686 256 1746 tudinis
273 1705 351 1760 tuae3
370 1689 404 1755 &
424 1688 529 1760 laetor,
549 1687 630 1766 qubd
647 1685 749 1746 absens
767 1706 835 1745 otn-

146 1768 200 1829 nia
223 1788 293 1829 turn
316 1771 443 1833 maxima
469 1767 608 1846 dignitate
633 1785 664 1824 es
691 1763 836 1828 consecut-

148 1861 225 1919 tus;
257 1846 396 1928 qubdque
421 1850 454 1906 in
476 1847 612 1913 omnibus
636 1847 692 1907 tuis
717 1844 835 1918 rebus,

149 1929 227 1988 meis
248 1929 357 2008 op'ratis
370 1927 489 1992 ¹fortuna
507 1924 663 2007 respoudit.
681 1925 775 1989 Breve
792 1925 834 1989 est

146 2008 233 2089 quod
254 2029 301 2075 me
320 2008 373 2069 tibi
395 2010 553 2091 praecipere
575 2028 656 2069 meus
676 2008 833 2070 incredibia

148 2089 184 2148 lis
206 2091 236 2148 in
256 2107 285 2149 te
304 2110 386 2149 amor
405 2092 504 2170 cogit:
531 2106 610 2151 tanta
627 2086 834 2169 estexspedba·

148 2170 192 2229 tio
209 2169 259 2230 vel
276 2172 383 2242 animi,
400 2171 450 2231 vel
469 2170 579 2251 ingenii
599 2170 662 2242 tui,
683 2186 715 2229 ut
730 2186 786 2251 ego
802 2185 833 2231 te

148 2248 302 2309 obsecrare
324 2247 514 2330 obtestarique
533 2270 594 2309 non
612 2248 765 2322 dubitem,
793 2251 835 2312 sic

147 2329 189 2394 ad
209 2351 263 2389 nos
286 2329 486 2392 conformatus
505 2326 672 2404 reuertere,
695 2347 834 2411 utquam

147 2407 394 2490 exspedbationem
410 2414 457 2490 gui
476 2407 648 2485 concitasti,
666 2409 739 2473 hanc
760 2408 836 2472 susti·

150 2510 222 2552 nere
240 2512 277 2556 ac
293 2494 370 2552 tueri
389 2493 493 2573 possis.
523 2488 561 2552 Er
580 2493 717 2570 quoniam
738 2510 836 2552 meam

151 2588 269 2641 ruomm
295 2591 366 2654 erga
392 2593 441 2632 me
468 2573 639 2631 meritorum
664 2574 836 2634 memoriam

150 2652 232 2711 nulla
251 2672 391 2732 umquam
411 2651 521 2717 delebit
540 2651 670 2727 oblivio,
688 2669 718 2720 te
736 2673 835 2735 rogo,

151 2748 186 2793 ut
204 2735 392 2805 memineris,
414 2749 651 2822 quantaecumque
668 2731 720 2792 tibi
741 2753 838 2793 acces-
877 2741 878 2746 ’

147 2815 252 2873 aiones
278 2810 350 2873 fient
378 2812 411 2872 &
438 2812 589 2888 fortune,
613 2812 646 2873 &
664 2813 837 2893 dignitatis,

147 2913 201 2954 eas
225 2910 256 2953 te
280 2912 341 2952 non
381 2891 482 2961 otuiffe
499 2892 660 2973 consequi,
687 2894 741 2952 nisi
763 2890 836 2951 meis

152 2993 225 3055 puer
244 2972 319 3033 olim
334 2914 506 3035 fidelissimis
526 2990 613 3053 atque
635 2969 836 3038 amantissimis

149 3054 281 3133 cousins
303 3050 449 3139 parntes.
473 3052 583 3141 Qum
608 3053 668 3122 hoc
689 3049 836 3124 animuin
