2184 3975
241 476 246 505 .
285 436 363 514 242
409 419 847 489 innotarum

285 581 351 645 m.
378 580 417 646 T.
445 580 484 647 c,
511 582 550 647 τ.
574 583 779 676 ruarmo.
799 556 964 651 ptoco'si·

571 683 601 746 s.
630 681 673 744 o.

283 845 399 903 Batti.
424 843 469 914 sed
484 839 587 913 perfetio
604 843 813 895 commendationis
831 846 943 915 exemplo
963 852 976 906 ἦ

323 921 438 972 Catinam
465 917 580 985 Furfitnio
604 919 758 970 commendat.
789 918 865 971 Anno
886 919 921 973 V.
945 917 974 974 (ἶ

322 1012 382 1061 707.

286 1203 317 1268 9.
331 1115 460 1248 Cum
482 1183 521 1245 A.
546 1182 665 1246 Caecina
687 1202 766 1248 tanta
789 1182 861 1246 mihi
883 1183 976 1247 famia

284 1266 392 1329 liaritas
422 1266 661 1348 consuetudoque
689 1266 750 1328 sem
771 1286 804 1327 er
826 1264 913 1342 suit,
943 1284 977 1329 ut

285 1347 366 1409 nulla
393 1345 487 1426 major
509 1345 567 1408 elle
597 1349 698 1428 possit.
726 1291 804 1409 liin
829 1346 865 1408 &
891 1365 976 1428 patre

271 1426 371 1508 ejus,
395 1430 474 1489 claro
496 1429 615 1490 homine
635 1429 668 1490 &
688 1427 756 1490 forti
773 1431 863 1502 viro,
880 1429 978 1508 pluri-

288 1513 370 1572 mum
389 1513 435 1572 usi
453 1510 568 1583 sumus;
586 1511 618 1571 δι
637 1509 712 1569 hunc
729 1532 747 1570 a
762 1530 878 1590 puero,
891 1508 977 1592 quod

288 1591 323 1655 &
343 1590 425 1671 spem
445 1611 582 1674 magnam
601 1590 672 1650 mihi
695 1589 836 1652 afferebat
856 1589 978 1653 summae

289 1671 462 1754 probitatis,
479 1671 653 1753 summaeque
670 1673 866 1753 eloquentia,
882 1669 918 1731 &
931 1672 982 1733 vi·

289 1753 380 1818 vebat
397 1774 514 1814 mecum
526 1749 781 1832 conjunffissime,
800 1774 862 1814 non
880 1749 978 1815 solum

291 1833 395 1897 officiis
412 1837 545 1896 amicitiae
562 1880 571 1909 ‚
595 1833 644 1894 sed
663 1836 752 1894 etiam
770 1831 868 1894 liudiis
887 1853 979 1894 com-

291 1915 445 1989 munibus,
466 1918 507 1975 sic
527 1915 641 1995 semper
656 1914 767 1990 dilexi,
787 1933 819 1976 ut
837 1933 899 1976 non
915 1915 980 1976 ullo

293 2016 361 2057 cum
382 1997 501 2058 homine
523 1993 703 2075 conjunffius
724 1999 868 2060 viverem.
895 1994 979 2058 Nihil

293 2081 396 2139 attinet
412 2098 459 2139 me
473 2078 558 2167 plura
577 2077 717 2139 scribere:
733 2077 822 2158 quim
838 2076 909 2137 mihi
926 2097 981 2139 ne·

293 2156 367 2218 celle
392 2156 432 2217 est
454 2178 516 2237 erus
535 2158 656 2219 salutem
675 2160 707 2220 &
726 2158 881 2232 fortunas,
908 2160 980 2239 qui·

293 2237 470 2319 buscumque
493 2240 579 2299 rebus
602 2243 733 2321 possim,
753 2243 857 2314 tueri,
884 2239 982 2303 vides.

295 2318 452 2399 Reliquum
473 2318 535 2395 est,
558 2339 609 2395 ut,
633 2342 723 2401 quum
743 2321 895 2403 cognirim
913 2321 980 2401 plu-

193 2404 196 2410 '
294 2400 373 2460 ribus
399 2400 515 2478 rebus,
538 2403 611 2483 quid
640 2422 671 2462 tu
704 2401 738 2462 &
768 2402 806 2463 de
829 2402 975 2462 bonorum

295 2480 442 2557 fortuna,
470 2482 561 2543 &de
585 2483 749 2563 reipublicae
772 2482 971 2544 calamitatibus

296 2561 434 2637 sentires,
446 2563 517 2623 nihil
532 2585 549 2622 a
562 2582 591 2625 te
606 2567 727 2644 petam,
743 2566 797 2623 nisi
811 2580 843 2623 ut
858 2561 895 2621 ad
913 2584 965 2624 ean

296 2644 500 2718 voluntatem,
521 2665 609 2725 quam
625 2645 674 2707 tuit
692 2644 795 2726 sponte
822 2664 893 2725 erga
909 2641 960 2706 Ca

297 2727 393 2787 cinam
422 2726 567 2785 habiturus
598 2725 696 2800 elles,
728 2744 823 2787 tamus
849 2724 954 2786 cumuli

298 2805 418 2867 accedat
435 2806 689 2867 commendatione
709 2806 796 2880 mei,
815 2808 917 2886 quanti
932 2827 949 2866 n

297 2909 315 2948 a
335 2905 363 2947 te
380 2884 443 2947 fieti
463 2885 602 2969 intelligo.
622 2888 690 2947 Hoc
711 2888 783 2949 mihi
803 2890 912 2970 gratius
933 2886 945 2948 l

299 2987 365 3031 cete
382 2966 452 3030 nihil
470 2983 568 3051 potes.
587 2967 674 3031 Vale.
