2184 3975
640 338 643 342 '
681 339 697 365 l

303 491 371 561 An
386 495 611 581 Pantitae.
625 491 713 563 Lttt.
724 490 774 564 X.
809 491 887 588 465

150 646 152 650 -
209 606 399 680 Pedatam,
424 608 516 687 Η).
538 608 725 686 Carfitlenum.
757 607 889 673 Hirtiano

210 706 300 755 autem
339 689 435 767 prolio
475 690 503 747 o
532 689 681 769 secundom
718 689 846 769 legionem
874 731 887 760 ,

198 768 239 826 ,θ
263 788 353 826 omnes
377 769 500 846 peraqul
529 771 650 830 Antonii
684 770 795 848 casas:
824 769 888 838 item

202 847 310 915 Hirtii.
337 851 471 926 Quartam
498 849 562 907 uerd
578 893 591 920 ,
619 869 701 929 quum
721 849 804 926 casita
820 869 891 927 quo·

199 947 261 1003 ‚que
294 929 415 987 Antonii
439 925 578 1006 cepiffet,
614 950 632 986 a
664 928 759 1008 quinta
786 929 889 1008 legione

209 1007 344 1084 concisam
378 1005 437 1083 effe
476 1011 520 1067 tti
550 1007 671 1069 Hirtium
705 1028 808 1088 quoque
838 1027 891 1088 pe·

193 1083 300 1162 ‚ritffe‚
330 1087 358 1144 6·
380 1088 511 1147 Pontium
537 1089 698 1168 Aquilam:
723 1089 780 1147 diti
808 1090 890 1158 etiam

213 1168 394 1235 Otiavianum
422 1166 553 1245 cecidiffe.
580 1168 699 1249 Quasi
725 1165 829 1248 (quod
848 1169 891 1242 dii

205 1245 394 1325 prohibeant)
410 1269 475 1306 vera
485 1250 569 1325 sunt,
586 1271 640 1307 non
658 1250 824 1307 mediocriter
840 1250 892 1307 do·

200 1325 262 1384 ·leo.
281 1328 435 1386 Antonium
453 1329 566 1405 turpiter
582 1329 699 1386 Mutina
714 1326 892 1404 obsessionem

209 1404 420 1484 reliquff‚fid
426 1407 520 1464 labere
530 1409 646 1485 equitum
655 1423 711 1464 xv.
721 1406 894 1486 legionesfieb

200 1487 297 1565 ,signis
314 1505 436 1545 armatas
451 1505 526 1557 tres,
543 1487 570 1547 ce
584 1488 621 1545 P.
636 1487 774 1566 Bagienni
790 1507 893 1560 unam,

200 1567 322 1629 inermes
340 1567 404 1625 lene
425 1566 534 1626 multos.
566 1568 720 1628 Ventidium
744 1563 893 1644 quoquese

210 1666 269 1704 curn
287 1647 389 1727 legione
401 1645 537 1726 septima,
555 1650 671 1718 oilavo,
688 1668 761 1706 nona
780 1642 895 1724 conjun-

210 1723 299 1802 xiffe:
321 1727 347 1784 si
367 1727 439 1785 nihil
460 1727 488 1785 ire
508 1729 613 1808 Lepido
627 1725 689 1805 spei
708 1727 765 1795 sit,
783 1727 893 1803 descen·

204 1805 301 1883 surum
322 1809 361 1865 ad
377 1824 520 1880 extrema,
540 1808 568 1865 6·
582 1829 637 1866 non
653 1807 731 1865 nott
750 1809 896 1884 nationea,

204 1884 258 1965 sed
282 1887 363 1946 etiarn
381 1886 497 1965 servitia
521 1889 741 1952 concitaturum:
762 1887 895 1945 Parmam

210 1967 344 2045 direptam
363 1987 374 2025 ε
393 1971 429 2027 L.
452 1969 607 2028 Antonium
631 1967 723 2047 Alpes
742 1965 894 2047 occupaffi.

200 2052 282 2127 ,Qua
304 2049 410 2108 sivero
422 2046 512 2126 stent,
540 2050 642 2108 nemini
656 2047 767 2127 nostrin
786 2046 893 2124 ceffem-

197 2128 276 2204 ‚dum
295 2127 355 2207 est3
376 2148 459 2205 neque
478 2126 704 2207 exspoliandum,
716 2128 784 2206 quid
804 2130 897 2186 decer·

197 2224 261 2284 ‘nat
276 2206 401 2285 senatus'.
425 2210 481 2266 Res
498 2211 567 2267 enim
586 2210 655 2289 cogit
676 2208 740 2269 ltuie
756 2224 832 2267 tanto
846 2209 895 2267 in·
926 2279 931 2288 ι

198 2289 308 2363 ,cendio
317 2288 471 2367 fitceurrere
488 2309 594 2366 omnes,
609 2289 656 2367 qui
671 2306 721 2347 aut
736 2290 897 2368 imperium,

211 2387 262 2428 aut
285 2389 379 2427 nonen
399 2369 512 2445 denique
533 2369 633 2447 populi
650 2371 769 2446 Romani
782 2368 896 2446 salvam

211 2449 308 2509 volunt
325 2446 384 2525 effe.
401 2448 517 2507 Brutum
531 2450 602 2506 enim
621 2448 740 2506 catones
759 2438 895 2524 xvnffi·

211 2529 283 2588 duas
298 2549 353 2587 non
365 2525 519 2607 frequentes
537 2529 652 2586 tironum
670 2528 805 2608 legiones,
824 2550 896 2607 quas

211 2606 404 2689 conscripserat
426 2606 587 2681 Antonius,
606 2608 701 2666 ltabere
722 2611 818 2668 audio.
830 2611 899 2668 Ne-

198 2685 262 2767 'qoe
285 2706 374 2747 tamen
392 2688 507 2761 dubito,
528 2690 594 2766 quin
610 2708 721 2759 omnes,
739 2691 785 2766 qni
797 2686 898 2767 supet·-

213 2770 270 2828 sint
286 2770 319 2826 de
333 2767 430 2829 Hirtii
450 2770 592 2841 exercitu,
613 2771 752 2847 confluant
771 2770 810 2825 ad
826 2787 899 2831 eum.

200 2850 298 2927 'Nam
311 2849 340 2908 in
358 2849 458 2920 delet‘lu
476 2870 530 2908 non
546 2847 658 2906 multum
670 2846 732 2926 spei
747 2865 813 2927 puto
829 2845 877 2925 effe
882 2870 901 2919 ,-

188 2992 190 2998 .
209 2927 357 3008 prasirtim
372 2936 451 3007 qdum
465 2926 538 2987 nilie'l
550 2930 587 2987 sit
598 2928 802 3008 periculosius,
818 2927 902 3006 quim

210 3008 335 3089 spatium
348 3010 525 3089 confirmandi
529 3008 587 3089 sese
598 3009 745 3148 Antonitp1
736 3007 807 3067 dari.
819 3008 904 3071 Anni

761 3109 784 3150 ν
